<?xml version="1.0" encoding="UTF-8"?>
<!DOCTYPE html PUBLIC "-//W3C//DTD XHTML 1.0 Transitional//EN"
    "http://www.w3.org/TR/xhtml1/DTD/xhtml1-transitional.dtd">
<html xmlns="http://www.w3.org/1999/xhtml" xml:lang="en" lang="en">
 <head>
  <title>
</title>
<meta http-equiv="Content-Type" content="text/html;charset=utf-8" />
  <meta name='ocr-system' content='tesseract 3.04.00' />
  <meta name='ocr-capabilities' content='ocr_page ocr_carea ocr_par ocr_line ocrx_word'/>
</head>
<body>
  <div class='ocr_page' id='page_1' title='image "./platonisgorgias00platgoog_0134.png"; bbox 0 0 3038 5122; ppageno 0'>
   <div class='ocr_carea' id='block_1_1' title="bbox 678 249 1367 376">
    <p class='ocr_par' dir='ltr' id='par_1_1' title="bbox 678 249 1367 376">
     <span class='ocr_line' id='line_1_1' title="bbox 678 249 1367 376; baseline 0.007 -32"><span class='ocrx_word' id='word_1_1' title='bbox 678 249 933 376; x_wconf 77' lang='lat' dir='ltr'><strong>ooaom‘e.</strong></span> <span class='ocrx_word' id='word_1_2' title='bbox 1325 285 1367 349; x_wconf 81' lang='grc' dir='ltr'><strong>ιιι</strong></span> 
     </span>
    </p>
   </div>
   <div class='ocr_carea' id='block_1_2' title="bbox 157 480 1378 1830">
    <p class='ocr_par' dir='ltr' id='par_1_2' title="bbox 243 480 1370 672">
     <span class='ocr_line' id='line_1_2' title="bbox 243 480 1367 562; baseline 0.002 -11"><span class='ocrx_word' id='word_1_3' title='bbox 243 493 335 551; x_wconf 83' lang='grc' dir='ltr'><strong>ΚΑΛ.</strong></span> <span class='ocrx_word' id='word_1_4' title='bbox 369 489 434 556; x_wconf 99' lang='grc' dir='ltr'><strong>Πῶς</strong></span> <span class='ocrx_word' id='word_1_5' title='bbox 468 483 583 561; x_wconf 76' lang='grc' dir='ltr'><em>λέγειςς</em></span> <span class='ocrx_word' id='word_1_6' title='bbox 618 520 663 533; x_wconf 89' lang='grc'><strong>-</strong></span> <span class='ocrx_word' id='word_1_7' title='bbox 697 493 769 548; x_wconf 84' lang='grc' dir='ltr'><strong>ΣΩ.</strong></span> <span class='ocrx_word' id='word_1_8' title='bbox 797 483 874 549; x_wconf 86' lang='grc' dir='ltr'><strong>Ἕνα</strong></span> <span class='ocrx_word' id='word_1_9' title='bbox 903 480 1024 548; x_wconf 74' lang='grc' dir='ltr'><em>ἕκαστον</em></span> <span class='ocrx_word' id='word_1_10' title='bbox 1050 485 1129 562; x_wconf 77' lang='grc' dir='ltr'><em>λε’νυ</em></span> <span class='ocrx_word' id='word_1_11' title='bbox 1152 486 1239 552; x_wconf 82' lang='grc' dir='ltr'><em>αθτδν</em></span> <span class='ocrx_word' id='word_1_12' title='bbox 1262 488 1367 554; x_wconf 80' lang='grc' dir='ltr'><em>ἑαυτοῦ</em></span> 
     </span>
     <span class='ocr_line' id='line_1_3' title="bbox 243 570 1370 672; baseline 0.003 -18"><span class='ocrx_word' id='word_1_13' title='bbox 243 588 383 669; x_wconf 72' lang='grc' dir='ltr'><strong><em>ἄρχονται.</em></strong></span> <span class='ocrx_word' id='word_1_14' title='bbox 415 588 432 665; x_wconf 74' lang='grc' dir='ltr'><em>ἢ</em></span> <span class='ocrx_word' id='word_1_15' title='bbox 463 594 546 655; x_wconf 80' lang='grc' dir='ltr'><em>τοῦτο</em></span> <span class='ocrx_word' id='word_1_16' title='bbox 578 588 631 665; x_wconf 76' lang='grc' dir='ltr'><em>μὲν</em></span> <span class='ocrx_word' id='word_1_17' title='bbox 661 589 738 653; x_wconf 80' lang='grc' dir='ltr'><em>οὐδὲν</em></span> <span class='ocrx_word' id='word_1_18' title='bbox 754 570 828 663; x_wconf 81' lang='grc' dir='ltr'><em>δεῖ,</em></span> <span class='ocrx_word' id='word_1_19' title='bbox 859 589 946 654; x_wconf 86' lang='grc' dir='ltr'><em>αὐτδν</em></span> <span class='ocrx_word' id='word_1_20' title='bbox 976 589 1079 655; x_wconf 80' lang='grc' dir='ltr'><em>ἑαυτοῦ</em></span> <span class='ocrx_word' id='word_1_21' title='bbox 1111 588 1232 672; x_wconf 79' lang='grc' dir='ltr'><em>ῶρχειν,</em></span> <span class='ocrx_word' id='word_1_22' title='bbox 1265 592 1370 658; x_wconf 78' lang='grc' dir='ltr'><em>τῶνδ’</em></span> 
     </span>
    </p>

    <p class='ocr_par' dir='ltr' id='par_1_3' title="bbox 157 692 1378 1213">
     <span class='ocr_line' id='line_1_4' title="bbox 157 692 1368 779; baseline 0.002 -19"><span class='ocrx_word' id='word_1_23' title='bbox 157 741 162 751; x_wconf 80' lang='lat'><strong>,</strong></span> <span class='ocrx_word' id='word_1_24' title='bbox 242 692 356 772; x_wconf 78' lang='grc' dir='ltr'><em>οίλλυνς</em></span> <span class='ocrx_word' id='word_1_25' title='bbox 387 732 432 779; x_wconf 68' lang='lat'><strong>7-</strong></span> <span class='ocrx_word' id='word_1_26' title='bbox 461 704 554 762; x_wconf 82' lang='lat' dir='ltr'><strong>KAA.</strong></span> <span class='ocrx_word' id='word_1_27' title='bbox 585 699 650 766; x_wconf 91' lang='grc' dir='ltr'><strong>Πῶς</strong></span> <span class='ocrx_word' id='word_1_28' title='bbox 680 695 785 759; x_wconf 81' lang='grc' dir='ltr'><em>ἑαυτοῦ</em></span> <span class='ocrx_word' id='word_1_29' title='bbox 814 694 945 775; x_wconf 77' lang='grc' dir='ltr'><em>ἄρχοντα</em></span> <span class='ocrx_word' id='word_1_30' title='bbox 973 697 1089 774; x_wconf 76' lang='grc' dir='ltr'><em>λέγειςς</em></span> <span class='ocrx_word' id='word_1_31' title='bbox 1114 734 1159 744; x_wconf 89' lang='grc'>-</span> <span class='ocrx_word' id='word_1_32' title='bbox 1180 707 1253 764; x_wconf 84' lang='grc' dir='ltr'><strong>ΣΩ.</strong></span> <span class='ocrx_word' id='word_1_33' title='bbox 1278 698 1368 763; x_wconf 81' lang='grc' dir='ltr'><em>Οὐδὲν</em></span> 
     </span>
     <span class='ocr_line' id='line_1_5' title="bbox 242 797 1378 884; baseline 0.002 -20"><span class='ocrx_word' id='word_1_34' title='bbox 242 801 383 884; x_wconf 72' lang='grc' dir='ltr'><strong><em>ποικίλον,</em></strong></span> <span class='ocrx_word' id='word_1_35' title='bbox 405 797 476 865; x_wconf 71' lang='grc' dir='ltr'><em>ἀλλ’</em></span> <span class='ocrx_word' id='word_1_36' title='bbox 499 799 592 880; x_wconf 86' lang='grc' dir='ltr'><em>ῶσπερ</em></span> <span class='ocrx_word' id='word_1_37' title='bbox 614 801 638 869; x_wconf 79' lang='lat' dir='ltr'><strong>oi</strong></span> <span class='ocrx_word' id='word_1_38' title='bbox 661 798 782 877; x_wconf 78' lang='grc' dir='ltr'><em>πολλοὶ,</em></span> <span class='ocrx_word' id='word_1_39' title='bbox 806 800 938 880; x_wconf 75' lang='grc' dir='ltr'><em>σώφρονα</em></span> <span class='ocrx_word' id='word_1_40' title='bbox 960 799 1030 866; x_wconf 82' lang='grc' dir='ltr'><em>ὄντα</em></span> <span class='ocrx_word' id='word_1_41' title='bbox 1054 801 1102 866; x_wconf 81' lang='grc' dir='ltr'><em>καί</em></span> <span class='ocrx_word' id='word_1_42' title='bbox 1126 804 1255 882; x_wconf 72' lang='grc' dir='ltr'><em>ἐγκρατῆ</em></span> <span class='ocrx_word' id='word_1_43' title='bbox 1275 801 1378 875; x_wconf 66' lang='grc' dir='ltr'><em>αὐτὸν,</em></span> 
     </span>
     <span class='ocr_line' id='line_1_6' title="bbox 206 903 1367 989; baseline 0.002 -16"><span class='ocrx_word' id='word_1_44' title='bbox 206 905 361 981; x_wconf 82' lang='grc' dir='ltr'><em>Εὲαντοῶ,</em></span> <span class='ocrx_word' id='word_1_45' title='bbox 380 911 436 971; x_wconf 91' lang='grc' dir='ltr'><strong>τῶν</strong></span> <span class='ocrx_word' id='word_1_46' title='bbox 455 906 552 981; x_wconf 77' lang='grc' dir='ltr'><em>ἡδονῶν</em></span> <span class='ocrx_word' id='word_1_47' title='bbox 572 906 621 971; x_wconf 86' lang='grc' dir='ltr'><strong>καί</strong></span> <span class='ocrx_word' id='word_1_48' title='bbox 641 906 792 982; x_wconf 72' lang='grc' dir='ltr'><em>ἐπιθυμιῶν</em></span> <span class='ocrx_word' id='word_1_49' title='bbox 815 903 947 987; x_wconf 77' lang='grc' dir='ltr'><em>ἄρχοντα</em></span> <span class='ocrx_word' id='word_1_50' title='bbox 971 911 1027 971; x_wconf 88' lang='grc' dir='ltr'><strong>τῶν</strong></span> <span class='ocrx_word' id='word_1_51' title='bbox 1046 907 1075 971; x_wconf 83' lang='grc' dir='ltr'><em>ἒν</em></span> <span class='ocrx_word' id='word_1_52' title='bbox 1093 909 1195 989; x_wconf 80' lang='grc' dir='ltr'><em>ἑαυτῷ.</em></span> <span class='ocrx_word' id='word_1_53' title='bbox 1211 947 1255 957; x_wconf 91' lang='grc'>-</span> <span class='ocrx_word' id='word_1_54' title='bbox 1273 917 1367 975; x_wconf 85' lang='grc' dir='ltr'><strong>ΚΑΛ.</strong></span> 
     </span>
     <span class='ocr_line' id='line_1_7' title="bbox 240 1006 1367 1094; baseline 0.003 -18"><span class='ocrx_word' id='word_1_55' title='bbox 240 1006 300 1082; x_wconf 75' lang='grc' dir='ltr'><strong>Ὠς</strong></span> <span class='ocrx_word' id='word_1_56' title='bbox 331 1009 397 1087; x_wconf 80' lang='grc' dir='ltr'><em>ἡδὺς</em></span> <span class='ocrx_word' id='word_1_57' title='bbox 427 1007 471 1075; x_wconf 86' lang='grc' dir='ltr'><strong>είί</strong></span> <span class='ocrx_word' id='word_1_58' title='bbox 499 1011 565 1082; x_wconf 82' lang='grc' dir='ltr'><em>τοὺς</em></span> <span class='ocrx_word' id='word_1_59' title='bbox 599 1011 718 1086; x_wconf 73' lang='grc' dir='ltr'><em>ἠλιθίους</em></span> <span class='ocrx_word' id='word_1_60' title='bbox 749 1009 847 1088; x_wconf 75' lang='grc' dir='ltr'><em>λέγεις</em></span> <span class='ocrx_word' id='word_1_61' title='bbox 870 1012 936 1082; x_wconf 84' lang='grc' dir='ltr'><em>τοὺς</em></span> <span class='ocrx_word' id='word_1_62' title='bbox 959 1011 1115 1094; x_wconf 76' lang='grc' dir='ltr'><em>σώφρονας.</em></span> <span class='ocrx_word' id='word_1_63' title='bbox 1142 1051 1184 1061; x_wconf 92' lang='grc'><strong>-</strong></span> <span class='ocrx_word' id='word_1_64' title='bbox 1207 1023 1279 1080; x_wconf 85' lang='grc' dir='ltr'><strong>ΣΩ.</strong></span> <span class='ocrx_word' id='word_1_65' title='bbox 1303 1018 1367 1087; x_wconf 88' lang='grc' dir='ltr'><strong>Πῶς</strong></span> 
     </span>
     <span class='ocr_line' id='line_1_8' title="bbox 240 1113 1367 1213; baseline 0.002 -31"><span class='ocrx_word' id='word_1_66' title='bbox 240 1116 300 1196; x_wconf 70' lang='grc' dir='ltr'><strong>γὰρ</strong></span> <span class='ocrx_word' id='word_1_67' title='bbox 323 1116 371 1194; x_wconf 81' lang='grc' dir='ltr'><strong>οθς</strong></span> <span class='ocrx_word' id='word_1_68' title='bbox 394 1116 482 1187; x_wconf 81' lang='grc' dir='ltr'><em>οὐδεὶς</em></span> <span class='ocrx_word' id='word_1_69' title='bbox 506 1114 583 1187; x_wconf 73' lang='grc' dir='ltr'><em>ὅστις</em></span> <span class='ocrx_word' id='word_1_70' title='bbox 607 1117 658 1181; x_wconf 83' lang='grc' dir='ltr'><em>οθιι</em></span> <span class='ocrx_word' id='word_1_71' title='bbox 680 1113 716 1213; x_wconf 66' lang='lat' dir='ltr'><strong>dp</strong></span> <span class='ocrx_word' id='word_1_72' title='bbox 739 1115 819 1194; x_wconf 72' lang='lat' dir='ltr'><strong>yreia</strong></span> <span class='ocrx_word' id='word_1_73' title='bbox 843 1115 885 1181; x_wconf 84' lang='grc' dir='ltr'><strong>θτι</strong></span> <span class='ocrx_word' id='word_1_74' title='bbox 908 1121 992 1182; x_wconf 80' lang='grc' dir='ltr'><em>τοῦτο</em></span> <span class='ocrx_word' id='word_1_75' title='bbox 1011 1115 1102 1194; x_wconf 72' lang='grc' dir='ltr'><em>λίνα</em></span> <span class='ocrx_word' id='word_1_76' title='bbox 1120 1156 1163 1213; x_wconf 68' lang='lat'><strong>¹.-</strong></span> <span class='ocrx_word' id='word_1_77' title='bbox 1179 1116 1367 1184; x_wconf 88' lang='grc' dir='ltr'><em>ΚΑΛ.Ποίνυ</em></span> 
     </span>
    </p>

    <p class='ocr_par' dir='ltr' id='par_1_4' title="bbox 240 1215 1367 1409">
     <span class='ocr_line' id='line_1_9' title="bbox 240 1215 1367 1305; baseline 0.004 -20"><span class='ocrx_word' id='word_1_78' title='bbox 240 1245 278 1300; x_wconf 75' lang='grc' dir='ltr'><em>γε</em></span> <span class='ocrx_word' id='word_1_79' title='bbox 308 1219 435 1303; x_wconf 78' lang='grc' dir='ltr'><em>σφόδρα,</em></span> <span class='ocrx_word' id='word_1_80' title='bbox 466 1215 487 1285; x_wconf 87' lang='grc' dir='ltr'><strong><em>ῶ</em></strong></span> <span class='ocrx_word' id='word_1_81' title='bbox 518 1220 679 1300; x_wconf 78' lang='grc' dir='ltr'><em>Σώκρατες·</em></span> <span class='ocrx_word' id='word_1_82' title='bbox 704 1220 766 1303; x_wconf 76' lang='grc' dir='ltr'><em>ἐπεὶ</em></span> <span class='ocrx_word' id='word_1_83' title='bbox 790 1226 850 1293; x_wconf 87' lang='grc' dir='ltr'><strong>πῶς</strong></span> <span class='ocrx_word' id='word_1_84' title='bbox 873 1221 910 1286; x_wconf 85' lang='grc' dir='ltr'><strong>θον</strong></span> <span class='ocrx_word' id='word_1_85' title='bbox 932 1223 1073 1299; x_wconf 73' lang='grc' dir='ltr'><strong>εὐδαίμων</strong></span> <span class='ocrx_word' id='word_1_86' title='bbox 1095 1223 1203 1299; x_wconf 76' lang='grc' dir='ltr'><em>γένοιτο</em></span> <span class='ocrx_word' id='word_1_87' title='bbox 1225 1221 1367 1305; x_wconf 77' lang='grc' dir='ltr'><em>ἄνθρωπος</em></span> 
     </span>
     <span class='ocr_line' id='line_1_10' title="bbox 240 1325 1365 1409; baseline 0.002 -17"><span class='ocrx_word' id='word_1_88' title='bbox 240 1327 376 1393; x_wconf 73' lang='grc' dir='ltr'><strong>δουλεύων</strong></span> <span class='ocrx_word' id='word_1_89' title='bbox 398 1327 519 1406; x_wconf 80' lang='grc' dir='ltr'><em>δτῳοῶνς</em></span> <span class='ocrx_word' id='word_1_90' title='bbox 543 1327 627 1391; x_wconf 67' lang='lat' dir='ltr'><strong>aare</strong></span> <span class='ocrx_word' id='word_1_91' title='bbox 643 1329 721 1391; x_wconf 80' lang='grc' dir='ltr'><em>τοῦτ’</em></span> <span class='ocrx_word' id='word_1_92' title='bbox 740 1325 801 1390; x_wconf 83' lang='grc' dir='ltr'><em>ἕοτί</em></span> <span class='ocrx_word' id='word_1_93' title='bbox 821 1326 854 1393; x_wconf 84' lang='grc' dir='ltr'><em>τδ</em></span> <span class='ocrx_word' id='word_1_94' title='bbox 873 1329 954 1392; x_wconf 83' lang='grc' dir='ltr'><em>ιιοιτθι</em></span> <span class='ocrx_word' id='word_1_95' title='bbox 974 1327 1061 1409; x_wconf 80' lang='grc' dir='ltr'><em>φύσιν</em></span> <span class='ocrx_word' id='word_1_96' title='bbox 1077 1329 1166 1392; x_wconf 82' lang='grc' dir='ltr'><em>καλδν</em></span> <span class='ocrx_word' id='word_1_97' title='bbox 1178 1328 1227 1392; x_wconf 82' lang='grc' dir='ltr'><strong>καί</strong></span> <span class='ocrx_word' id='word_1_98' title='bbox 1240 1329 1365 1406; x_wconf 87' lang='grc' dir='ltr'><em>δίκαιον,</em></span> 
     </span>
    </p>

    <p class='ocr_par' dir='ltr' id='par_1_5' title="bbox 167 1422 1378 1830">
     <span class='ocr_line' id='line_1_11' title="bbox 218 1422 1366 1512; baseline 0.003 -16"><span class='ocrx_word' id='word_1_99' title='bbox 218 1422 254 1496; x_wconf 77' lang='grc' dir='ltr'><em>’δ</em></span> <span class='ocrx_word' id='word_1_100' title='bbox 276 1431 334 1510; x_wconf 65' lang='grc' dir='ltr'><strong>ἐρῶ</strong></span> <span class='ocrx_word' id='word_1_101' title='bbox 356 1454 398 1497; x_wconf 89' lang='grc' dir='ltr'><em>σα</em></span> <span class='ocrx_word' id='word_1_102' title='bbox 421 1436 469 1496; x_wconf 85' lang='grc' dir='ltr'><em>νῶν</em></span> <span class='ocrx_word' id='word_1_103' title='bbox 492 1430 749 1512; x_wconf 69' lang='grc' dir='ltr'><strong>παρρησιαζόμενος</strong></span> <span class='ocrx_word' id='word_1_104' title='bbox 773 1431 870 1507; x_wconf 72' lang='grc' dir='ltr'><em>λέγω,</em></span> <span class='ocrx_word' id='word_1_105' title='bbox 894 1431 937 1497; x_wconf 85' lang='grc' dir='ltr'><strong>θτι</strong></span> <span class='ocrx_word' id='word_1_106' title='bbox 960 1424 1004 1497; x_wconf 80' lang='grc' dir='ltr'><em>δεῖ</em></span> <span class='ocrx_word' id='word_1_107' title='bbox 1024 1434 1071 1498; x_wconf 90' lang='grc' dir='ltr'><strong>τδν</strong></span> <span class='ocrx_word' id='word_1_108' title='bbox 1092 1434 1172 1512; x_wconf 89' lang='grc' dir='ltr'><em>θρθῶς</em></span> <span class='ocrx_word' id='word_1_109' title='bbox 1191 1433 1366 1512; x_wconf 80' lang='grc' dir='ltr'><em>βιωσόμενον</em></span> 
     </span>
     <span class='ocr_line' id='line_1_12' title="bbox 239 1528 1365 1617; baseline 0.004 -15"><span class='ocrx_word' id='word_1_110' title='bbox 239 1528 295 1608; x_wconf 73' lang='grc' dir='ltr'><strong>πῶς</strong></span> <span class='ocrx_word' id='word_1_111' title='bbox 317 1536 370 1614; x_wconf 76' lang='grc' dir='ltr'><em>μὲν</em></span> <span class='ocrx_word' id='word_1_112' title='bbox 392 1536 545 1612; x_wconf 73' lang='grc' dir='ltr'><em>ἐπιθυμίας</em></span> <span class='ocrx_word' id='word_1_113' title='bbox 568 1535 623 1608; x_wconf 73' lang='grc' dir='ltr'><strong>πῶς</strong></span> <span class='ocrx_word' id='word_1_114' title='bbox 646 1537 749 1600; x_wconf 80' lang='grc' dir='ltr'><em>ἑαυτοῦ</em></span> <span class='ocrx_word' id='word_1_115' title='bbox 772 1537 824 1600; x_wconf 88' lang='grc' dir='ltr'><em>ε’ῶν</em></span> <span class='ocrx_word' id='word_1_116' title='bbox 846 1538 882 1609; x_wconf 84' lang='grc' dir='ltr'><strong>ῶς</strong></span> <span class='ocrx_word' id='word_1_117' title='bbox 902 1537 1051 1614; x_wconf 75' lang='grc' dir='ltr'><strong>μεγίστας</strong></span> <span class='ocrx_word' id='word_1_118' title='bbox 1070 1534 1141 1603; x_wconf 83' lang='grc' dir='ltr'><em>εἶναι</em></span> <span class='ocrx_word' id='word_1_119' title='bbox 1164 1538 1213 1602; x_wconf 80' lang='grc' dir='ltr'><strong>καί</strong></span> <span class='ocrx_word' id='word_1_120' title='bbox 1225 1539 1365 1617; x_wconf 75' lang='grc' dir='ltr'><em>μὶρκολοί·</em></span> 
     </span>
     <span class='ocr_line' id='line_1_13' title="bbox 167 1640 1378 1724; baseline 0.002 -16"><span class='ocrx_word' id='word_1_121' title='bbox 167 1646 232 1713; x_wconf 76' lang='grc'><strong>492</strong></span> <span class='ocrx_word' id='word_1_122' title='bbox 240 1644 312 1724; x_wconf 87' lang='grc' dir='ltr'><em>ζειν,</em></span> <span class='ocrx_word' id='word_1_123' title='bbox 334 1641 458 1714; x_wconf 82' lang='grc' dir='ltr'><em>ταύταις</em></span> <span class='ocrx_word' id='word_1_124' title='bbox 480 1640 564 1714; x_wconf 45' lang='grc' dir='ltr'><strong>δ”ῶς</strong></span> <span class='ocrx_word' id='word_1_125' title='bbox 586 1641 744 1719; x_wconf 73' lang='grc' dir='ltr'><em>μεγίσταις</em></span> <span class='ocrx_word' id='word_1_126' title='bbox 768 1641 866 1714; x_wconf 78' lang='grc' dir='ltr'><em>οὔσαις</em></span> <span class='ocrx_word' id='word_1_127' title='bbox 889 1643 984 1708; x_wconf 85' lang='grc' dir='ltr'><em>ἱκανδν</em></span> <span class='ocrx_word' id='word_1_128' title='bbox 1006 1641 1078 1708; x_wconf 82' lang='grc' dir='ltr'><em>εἶναι</em></span> <span class='ocrx_word' id='word_1_129' title='bbox 1100 1645 1249 1724; x_wconf 76' lang='grc' dir='ltr'><em>ὑπηρετεῖν</em></span> <span class='ocrx_word' id='word_1_130' title='bbox 1264 1645 1298 1710; x_wconf 86' lang='grc' dir='ltr'><strong>δι’</strong></span> <span class='ocrx_word' id='word_1_131' title='bbox 1314 1647 1378 1712; x_wconf 84' lang='grc' dir='ltr'><em>οίν--·</em></span> 
     </span>
     <span class='ocr_line' id='line_1_14' title="bbox 238 1744 1364 1830; baseline 0.005 -16"><span class='ocrx_word' id='word_1_132' title='bbox 238 1748 330 1830; x_wconf 78' lang='grc' dir='ltr'><em>δρείαν</em></span> <span class='ocrx_word' id='word_1_133' title='bbox 351 1748 401 1813; x_wconf 81' lang='grc' dir='ltr'><strong>καί</strong></span> <span class='ocrx_word' id='word_1_134' title='bbox 423 1747 556 1830; x_wconf 75' lang='grc' dir='ltr'><em>φρόνησιν</em></span> <span class='ocrx_word' id='word_1_135' title='bbox 575 1749 625 1813; x_wconf 84' lang='grc' dir='ltr'><strong>καί</strong></span> <span class='ocrx_word' id='word_1_136' title='bbox 636 1746 867 1825; x_wconf 70' lang='grc' dir='ltr'><em>ἀποπιμπλάναι</em></span> <span class='ocrx_word' id='word_1_137' title='bbox 880 1744 916 1813; x_wconf 92' lang='grc' dir='ltr'><strong>ῶν</strong></span> <span class='ocrx_word' id='word_1_138' title='bbox 927 1747 963 1812; x_wconf 85' lang='grc' dir='ltr'><strong>θον</strong></span> <span class='ocrx_word' id='word_1_139' title='bbox 974 1748 1022 1813; x_wconf 87' lang='grc' dir='ltr'><em>οίεί</em></span> <span class='ocrx_word' id='word_1_140' title='bbox 1035 1753 1051 1824; x_wconf 77' lang='grc' dir='ltr'><em>ἡ</em></span> <span class='ocrx_word' id='word_1_141' title='bbox 1064 1751 1201 1828; x_wconf 85' lang='grc' dir='ltr'><em>ἐπιθυμία</em></span> <span class='ocrx_word' id='word_1_142' title='bbox 1212 1751 1364 1830; x_wconf 74' lang='grc' dir='ltr'><em>γίγνηται.</em></span> 
     </span>
    </p>
   </div>
   <div class='ocr_carea' id='block_1_3' title="bbox 124 1897 1402 4607">
    <p class='ocr_par' dir='ltr' id='par_1_6' title="bbox 124 1897 1402 4607">
     <span class='ocr_line' id='line_1_15' title="bbox 237 1897 1367 1970; baseline 0.004 -19"><span class='ocrx_word' id='word_1_143' title='bbox 237 1900 328 1951; x_wconf 69' lang='lat' dir='ltr'><strong>urias</strong></span> <span class='ocrx_word' id='word_1_144' title='bbox 353 1900 413 1950; x_wconf 81' lang='lat' dir='ltr'><strong>Non</strong></span> <span class='ocrx_word' id='word_1_145' title='bbox 432 1914 490 1950; x_wconf 81' lang='lat' dir='ltr'><strong>reso</strong></span> <span class='ocrx_word' id='word_1_146' title='bbox 508 1897 577 1967; x_wconf 78' lang='lat' dir='ltr'><strong>apud</strong></span> <span class='ocrx_word' id='word_1_147' title='bbox 592 1914 651 1950; x_wconf 84' lang='lat' dir='ltr'><strong>sum</strong></span> <span class='ocrx_word' id='word_1_148' title='bbox 666 1898 778 1950; x_wconf 86' lang='lat' dir='ltr'><strong>ooourrit</strong></span> <span class='ocrx_word' id='word_1_149' title='bbox 827 1903 913 1970; x_wconf 69' lang='grc' dir='ltr'><em>οροδροι</em></span> <span class='ocrx_word' id='word_1_150' title='bbox 929 1928 961 1938; x_wconf 90' lang='lat'><strong>-·</strong></span> <span class='ocrx_word' id='word_1_151' title='bbox 974 1903 1078 1954; x_wconf 73' lang='grc' dir='ltr'><strong>δουλεύων</strong></span> <span class='ocrx_word' id='word_1_152' title='bbox 1091 1905 1173 1968; x_wconf 74' lang='grc' dir='ltr'><em>ὁτῳοῦν</em></span> <span class='ocrx_word' id='word_1_153' title='bbox 1185 1908 1251 1952; x_wconf 82' lang='lat' dir='ltr'><strong>reete</strong></span> <span class='ocrx_word' id='word_1_154' title='bbox 1259 1904 1367 1969; x_wconf 84' lang='lat' dir='ltr'><strong>expliea-</strong></span> 
     </span>
     <span class='ocr_line' id='line_1_16' title="bbox 237 1966 1365 2046; baseline 0.003 -30"><span class='ocrx_word' id='word_1_155' title='bbox 237 1967 382 2017; x_wconf 81' lang='lat' dir='ltr'><strong>adverbium</strong></span> <span class='ocrx_word' id='word_1_156' title='bbox 398 1969 486 2029; x_wconf 78' lang='grc' dir='ltr'><em>ἁπλῶς,</em></span> <span class='ocrx_word' id='word_1_157' title='bbox 508 1967 550 2016; x_wconf 88' lang='lat' dir='ltr'><strong>eui</strong></span> <span class='ocrx_word' id='word_1_158' title='bbox 567 1979 639 2032; x_wconf 79' lang='lat' dir='ltr'><strong>saepe</strong></span> <span class='ocrx_word' id='word_1_159' title='bbox 655 1968 725 2024; x_wconf 84' lang='grc' dir='ltr'><em>οδτονς</em></span> <span class='ocrx_word' id='word_1_160' title='bbox 740 1966 779 2015; x_wconf 84' lang='lat' dir='ltr'><strong>ita·</strong></span> <span class='ocrx_word' id='word_1_161' title='bbox 825 1972 928 2026; x_wconf 83' lang='lat' dir='ltr'><strong>verunt,</strong></span> <span class='ocrx_word' id='word_1_162' title='bbox 941 1983 1080 2033; x_wconf 84' lang='lat' dir='ltr'><strong>pronomen</strong></span> <span class='ocrx_word' id='word_1_163' title='bbox 1090 1972 1172 2046; x_wconf 66' lang='lat' dir='ltr'><strong>tepet»</strong></span> <span class='ocrx_word' id='word_1_164' title='bbox 1181 1970 1313 2019; x_wconf 74' lang='lat' dir='ltr'><strong>masculini</strong></span> <span class='ocrx_word' id='word_1_165' title='bbox 1324 1986 1365 2034; x_wconf 81' lang='lat' dir='ltr'><strong>ge·</strong></span> 
     </span>
     <span class='ocr_line' id='line_1_17' title="bbox 237 2031 1366 2096; baseline 0.003 -14"><span class='ocrx_word' id='word_1_166' title='bbox 237 2032 322 2089; x_wconf 71' lang='lat' dir='ltr'><strong>aunt.</strong></span> <span class='ocrx_word' id='word_1_167' title='bbox 337 2037 369 2082; x_wconf 88' lang='lat' dir='ltr'><strong>ut</strong></span> <span class='ocrx_word' id='word_1_168' title='bbox 378 2032 504 2082; x_wconf 80' lang='lat' dir='ltr'><strong>abundare</strong></span> <span class='ocrx_word' id='word_1_169' title='bbox 513 2032 628 2082; x_wconf 79' lang='lat' dir='ltr'><strong>rideatur</strong></span> <span class='ocrx_word' id='word_1_170' title='bbox 638 2031 776 2081; x_wconf 86' lang='lat' dir='ltr'><strong>seeundum</strong></span> <span class='ocrx_word' id='word_1_171' title='bbox 824 2033 891 2082; x_wconf 86' lang='lat' dir='ltr'><strong>neris</strong></span> <span class='ocrx_word' id='word_1_172' title='bbox 908 2048 961 2082; x_wconf 88' lang='lat' dir='ltr'><strong>ease</strong></span> <span class='ocrx_word' id='word_1_173' title='bbox 976 2034 1035 2083; x_wconf 88' lang='lat' dir='ltr'><strong>rati.</strong></span> <span class='ocrx_word' id='word_1_174' title='bbox 1063 2033 1178 2084; x_wconf 82' lang='lat' dir='ltr'><strong>Oalheles</strong></span> <span class='ocrx_word' id='word_1_175' title='bbox 1194 2035 1271 2084; x_wconf 85' lang='lat' dir='ltr'><strong>siouti</strong></span> <span class='ocrx_word' id='word_1_176' title='bbox 1288 2052 1366 2096; x_wconf 78' lang='lat' dir='ltr'><strong>supra</strong></span> 
     </span>
     <span class='ocr_line' id='line_1_18' title="bbox 237 2096 1366 2169; baseline 0.003 -20"><span class='ocrx_word' id='word_1_177' title='bbox 237 2103 379 2149; x_wconf 69' lang='lat' dir='ltr'><strong>nostem-nm</strong></span> <span class='ocrx_word' id='word_1_178' title='bbox 403 2098 546 2161; x_wconf 85' lang='lat' dir='ltr'><strong>linguarum</strong></span> <span class='ocrx_word' id='word_1_179' title='bbox 560 2098 664 2147; x_wconf 83' lang='lat' dir='ltr'><strong>idioma.</strong></span> <span class='ocrx_word' id='word_1_180' title='bbox 689 2096 776 2157; x_wconf 71' lang='lat' dir='ltr'><strong>Quare</strong></span> <span class='ocrx_word' id='word_1_181' title='bbox 823 2099 849 2148; x_wconf 88' lang='lat' dir='ltr'><strong>in</strong></span> <span class='ocrx_word' id='word_1_182' title='bbox 874 2101 935 2158; x_wconf 76' lang='lat'><strong>483,</strong></span> <span class='ocrx_word' id='word_1_183' title='bbox 959 2099 1034 2149; x_wconf 86' lang='lat' dir='ltr'><strong>etiam</strong></span> <span class='ocrx_word' id='word_1_184' title='bbox 1059 2101 1102 2149; x_wconf 91' lang='lat' dir='ltr'><strong>bio</strong></span> <span class='ocrx_word' id='word_1_185' title='bbox 1128 2116 1202 2150; x_wconf 86' lang='lat' dir='ltr'><strong>suum</strong></span> <span class='ocrx_word' id='word_1_186' title='bbox 1224 2107 1285 2153; x_wconf 78' lang='grc' dir='ltr'><em>κατὰ</em></span> <span class='ocrx_word' id='word_1_187' title='bbox 1304 2105 1366 2169; x_wconf 71' lang='lat' dir='ltr'><strong>piso</strong></span> 
     </span>
     <span class='ocr_line' id='line_1_19' title="bbox 237 2164 1364 2233; baseline 0.003 -19"><span class='ocrx_word' id='word_1_188' title='bbox 237 2169 311 2224; x_wconf 84' lang='lat' dir='ltr'><strong>sunt,</strong></span> <span class='ocrx_word' id='word_1_189' title='bbox 333 2164 379 2229; x_wconf 87' lang='lat' dir='ltr'><strong>qui</strong></span> <span class='ocrx_word' id='word_1_190' title='bbox 398 2164 426 2213; x_wconf 89' lang='lat' dir='ltr'><strong>id</strong></span> <span class='ocrx_word' id='word_1_191' title='bbox 442 2166 510 2223; x_wconf 68' lang='grc' dir='ltr'><em>υδτονς</em></span> <span class='ocrx_word' id='word_1_192' title='bbox 526 2164 659 2214; x_wconf 86' lang='lat' dir='ltr'><strong>delendum</strong></span> <span class='ocrx_word' id='word_1_193' title='bbox 676 2167 774 2226; x_wconf 86' lang='lat' dir='ltr'><strong>putant.</strong></span> <span class='ocrx_word' id='word_1_194' title='bbox 823 2168 888 2216; x_wconf 83' lang='grc' dir='ltr'><em>κοιλδν</em></span> <span class='ocrx_word' id='word_1_195' title='bbox 904 2170 941 2217; x_wconf 82' lang='grc' dir='ltr'><strong>καί</strong></span> <span class='ocrx_word' id='word_1_196' title='bbox 958 2167 1040 2218; x_wconf 86' lang='grc' dir='ltr'><em>δίκαιον</em></span> <span class='ocrx_word' id='word_1_197' title='bbox 1050 2166 1229 2231; x_wconf 70' lang='lat' dir='ltr'><strong>disputationis</strong></span> <span class='ocrx_word' id='word_1_198' title='bbox 1240 2167 1364 2233; x_wconf 82' lang='lat' dir='ltr'><strong>hypothe-</strong></span> 
     </span>
     <span class='ocr_line' id='line_1_20' title="bbox 236 2228 1365 2346; baseline 0.001 -65"><span class='ocrx_word' id='word_1_199' title='bbox 236 2228 293 2346; x_wconf 59' lang='lat' dir='ltr'><strong>fflo</strong></span> <span class='ocrx_word' id='word_1_200' title='bbox 316 2246 375 2281; x_wconf 85' lang='lat' dir='ltr'><strong>vero</strong></span> <span class='ocrx_word' id='word_1_201' title='bbox 396 2244 448 2280; x_wconf 85' lang='lat' dir='ltr'><strong>nou</strong></span> <span class='ocrx_word' id='word_1_202' title='bbox 470 2230 551 2280; x_wconf 83' lang='lat' dir='ltr'><strong>susim</strong></span> <span class='ocrx_word' id='word_1_203' title='bbox 573 2229 639 2279; x_wconf 88' lang='lat' dir='ltr'><strong>illud</strong></span> <span class='ocrx_word' id='word_1_204' title='bbox 660 2231 728 2287; x_wconf 76' lang='grc' dir='ltr'><em>οίτυς</em></span> <span class='ocrx_word' id='word_1_205' title='bbox 744 2244 774 2278; x_wconf 82' lang='lat' dir='ltr'><strong>ex</strong></span> <span class='ocrx_word' id='word_1_206' title='bbox 823 2232 863 2280; x_wconf 85' lang='lat' dir='ltr'><strong>sin</strong></span> <span class='ocrx_word' id='word_1_207' title='bbox 879 2230 986 2290; x_wconf 82' lang='lat' dir='ltr'><strong>faciens,</strong></span> <span class='ocrx_word' id='word_1_208' title='bbox 1003 2232 1120 2282; x_wconf 85' lang='lat' dir='ltr'><strong>abhorret</strong></span> <span class='ocrx_word' id='word_1_209' title='bbox 1135 2247 1165 2281; x_wconf 88' lang='lat' dir='ltr'><strong>ao</strong></span> <span class='ocrx_word' id='word_1_210' title='bbox 1181 2233 1277 2298; x_wconf 75' lang='lat' dir='ltr'><strong>respuit</strong></span> <span class='ocrx_word' id='word_1_211' title='bbox 1291 2247 1365 2282; x_wconf 87' lang='lat' dir='ltr'><strong>omne</strong></span> 
     </span>
     <span class='ocr_line' id='line_1_21' title="bbox 274 2295 1365 2366; baseline 0.002 -20"><span class='ocrx_word' id='word_1_212' title='bbox 274 2296 360 2346; x_wconf 84' lang='lat' dir='ltr'><strong>oloeo</strong></span> <span class='ocrx_word' id='word_1_213' title='bbox 376 2296 477 2363; x_wconf 84' lang='lat' dir='ltr'><strong>ejioere‚</strong></span> <span class='ocrx_word' id='word_1_214' title='bbox 493 2295 640 2360; x_wconf 76' lang='lat' dir='ltr'><strong>quinetiam</strong></span> <span class='ocrx_word' id='word_1_215' title='bbox 652 2295 775 2345; x_wconf 79' lang='lat' dir='ltr'><strong>Aristote·</strong></span> <span class='ocrx_word' id='word_1_216' title='bbox 823 2299 929 2349; x_wconf 75' lang='grc' dir='ltr'><em>δουλεύειν</em></span> <span class='ocrx_word' id='word_1_217' title='bbox 949 2312 1022 2347; x_wconf 89' lang='lat' dir='ltr'><strong>omne</strong></span> <span class='ocrx_word' id='word_1_218' title='bbox 1045 2303 1160 2366; x_wconf 77' lang='grc' dir='ltr'><em>ἄρχεσθαι</em></span> <span class='ocrx_word' id='word_1_219' title='bbox 1178 2314 1192 2347; x_wconf 86' lang='lat' dir='ltr'><strong>a</strong></span> <span class='ocrx_word' id='word_1_220' title='bbox 1208 2313 1365 2361; x_wconf 77' lang='lat' dir='ltr'><strong>quacumque</strong></span> 
     </span>
     <span class='ocr_line' id='line_1_22' title="bbox 236 2361 1402 2433; baseline 0.003 -22"><span class='ocrx_word' id='word_1_221' title='bbox 236 2362 271 2412; x_wconf 86' lang='lat' dir='ltr'><strong>les</strong></span> <span class='ocrx_word' id='word_1_222' title='bbox 282 2367 418 2426; x_wconf 83' lang='lat' dir='ltr'><strong>utrumque</strong></span> <span class='ocrx_word' id='word_1_223' title='bbox 428 2377 500 2427; x_wconf 82' lang='lat' dir='ltr'><strong>saepe</strong></span> <span class='ocrx_word' id='word_1_224' title='bbox 510 2361 587 2412; x_wconf 85' lang='lat' dir='ltr'><strong>eaden</strong></span> <span class='ocrx_word' id='word_1_225' title='bbox 595 2362 691 2421; x_wconf 82' lang='lat' dir='ltr'><strong>ratione</strong></span> <span class='ocrx_word' id='word_1_226' title='bbox 699 2361 775 2410; x_wconf 88' lang='lat' dir='ltr'><strong>simul</strong></span> <span class='ocrx_word' id='word_1_227' title='bbox 822 2378 856 2412; x_wconf 85' lang='lat' dir='ltr'><strong>re.</strong></span> <span class='ocrx_word' id='word_1_228' title='bbox 879 2363 963 2426; x_wconf 78' lang='lat' dir='ltr'><strong>Igitur</strong></span> <span class='ocrx_word' id='word_1_229' title='bbox 973 2364 1048 2413; x_wconf 88' lang='lat' dir='ltr'><strong>etiam</strong></span> <span class='ocrx_word' id='word_1_230' title='bbox 1059 2369 1086 2415; x_wconf 84' lang='grc' dir='ltr'><strong>εδ</strong></span> <span class='ocrx_word' id='word_1_231' title='bbox 1097 2371 1178 2433; x_wconf 71' lang='grc' dir='ltr'><em>ἄρχειν</em></span> <span class='ocrx_word' id='word_1_232' title='bbox 1190 2377 1233 2415; x_wconf 77' lang='grc' dir='ltr'><strong>τῶν</strong></span> <span class='ocrx_word' id='word_1_233' title='bbox 1243 2369 1365 2429; x_wconf 67' lang='grc' dir='ltr'><em>ἐπιθυμιῶν</em></span> <span class='ocrx_word' id='word_1_234' title='bbox 1399 2377 1402 2381; x_wconf 87' lang='grc'>·</span> 
     </span>
     <span class='ocr_line' id='line_1_23' title="bbox 237 2427 1365 2494; baseline 0.004 -16"><span class='ocrx_word' id='word_1_235' title='bbox 237 2428 324 2486; x_wconf 81' lang='lat' dir='ltr'><strong>babet,</strong></span> <span class='ocrx_word' id='word_1_236' title='bbox 340 2432 513 2494; x_wconf 83' lang='lat' dir='ltr'><strong>praeterquam</strong></span> <span class='ocrx_word' id='word_1_237' title='bbox 529 2427 599 2492; x_wconf 84' lang='lat' dir='ltr'><strong>qaod</strong></span> <span class='ocrx_word' id='word_1_238' title='bbox 615 2427 684 2476; x_wconf 83' lang='lat' dir='ltr'><strong>nulla</strong></span> <span class='ocrx_word' id='word_1_239' title='bbox 701 2442 775 2477; x_wconf 84' lang='lat' dir='ltr'><strong>eausa</strong></span> <span class='ocrx_word' id='word_1_240' title='bbox 823 2428 935 2479; x_wconf 82' lang='lat' dir='ltr'><strong>defendit</strong></span> <span class='ocrx_word' id='word_1_241' title='bbox 957 2433 1033 2493; x_wconf 80' lang='lat' dir='ltr'><strong>atque</strong></span> <span class='ocrx_word' id='word_1_242' title='bbox 1051 2430 1087 2479; x_wconf 88' lang='lat' dir='ltr'><strong>sio</strong></span> <span class='ocrx_word' id='word_1_243' title='bbox 1104 2430 1225 2494; x_wconf 84' lang='lat' dir='ltr'><strong>explieat,</strong></span> <span class='ocrx_word' id='word_1_244' title='bbox 1241 2436 1272 2480; x_wconf 93' lang='lat' dir='ltr'><strong>ut</strong></span> <span class='ocrx_word' id='word_1_245' title='bbox 1288 2431 1322 2479; x_wconf 88' lang='lat' dir='ltr'><strong>sit</strong></span> <span class='ocrx_word' id='word_1_246' title='bbox 1337 2434 1365 2482; x_wconf 86' lang='grc' dir='ltr'><em>τδ</em></span> 
     </span>
     <span class='ocr_line' id='line_1_24' title="bbox 236 2492 1366 2560; baseline 0.001 -16"><span class='ocrx_word' id='word_1_247' title='bbox 236 2494 371 2558; x_wconf 76' lang='lat' dir='ltr'><strong>exoogitari</strong></span> <span class='ocrx_word' id='word_1_248' title='bbox 395 2494 490 2560; x_wconf 85' lang='lat' dir='ltr'><strong>possit,</strong></span> <span class='ocrx_word' id='word_1_249' title='bbox 519 2509 566 2542; x_wconf 83' lang='lat' dir='ltr'><strong>our</strong></span> <span class='ocrx_word' id='word_1_250' title='bbox 589 2492 685 2542; x_wconf 88' lang='lat' dir='ltr'><strong>librarii</strong></span> <span class='ocrx_word' id='word_1_251' title='bbox 710 2492 775 2541; x_wconf 88' lang='lat' dir='ltr'><strong>illud</strong></span> <span class='ocrx_word' id='word_1_252' title='bbox 817 2510 892 2559; x_wconf 79' lang='lat' dir='ltr'><strong>posse</strong></span> <span class='ocrx_word' id='word_1_253' title='bbox 909 2495 993 2559; x_wconf 86' lang='grc' dir='ltr'><em>(ίκανδν</em></span> <span class='ocrx_word' id='word_1_254' title='bbox 1008 2497 1063 2548; x_wconf 77' lang='grc' dir='ltr'><em>εἶναι</em></span> <span class='ocrx_word' id='word_1_255' title='bbox 1079 2495 1131 2545; x_wconf 85' lang='lat' dir='ltr'><strong>sive</strong></span> <span class='ocrx_word' id='word_1_256' title='bbox 1147 2497 1262 2555; x_wconf 72' lang='grc' dir='ltr'><em>δύνασθαι)</em></span> <span class='ocrx_word' id='word_1_257' title='bbox 1279 2495 1366 2545; x_wconf 76' lang='lat' dir='ltr'><strong>omnio</strong></span> 
     </span>
     <span class='ocr_line' id='line_1_25' title="bbox 236 2559 1364 2626; baseline -0.001 -14"><span class='ocrx_word' id='word_1_258' title='bbox 236 2562 304 2620; x_wconf 74' lang='grc' dir='ltr'><em>οθτιος</em></span> <span class='ocrx_word' id='word_1_259' title='bbox 319 2559 473 2618; x_wconf 81' lang='lat' dir='ltr'><strong>addiderint,</strong></span> <span class='ocrx_word' id='word_1_260' title='bbox 489 2559 582 2609; x_wconf 87' lang='lat' dir='ltr'><strong>nedum</strong></span> <span class='ocrx_word' id='word_1_261' title='bbox 593 2574 640 2608; x_wconf 85' lang='lat' dir='ltr'><strong>our</strong></span> <span class='ocrx_word' id='word_1_262' title='bbox 649 2559 733 2608; x_wconf 83' lang='lat' dir='ltr'><strong>toties.</strong></span> <span class='ocrx_word' id='word_1_263' title='bbox 744 2586 775 2594; x_wconf 98' lang='lat'>-</span> <span class='ocrx_word' id='word_1_264' title='bbox 823 2561 1364 2626; x_wconf 66' lang='grc' dir='ltr'><em>θανσίοίιιναοίοιίοοοῑιιριθαθίδιιιείιοορυιοο</em></span> 
     </span>
     <span class='ocr_line' id='line_1_26' title="bbox 235 2625 1364 2694; baseline 0 -18"><span class='ocrx_word' id='word_1_265' title='bbox 235 2626 314 2676; x_wconf 83' lang='grc' dir='ltr'><em>Ροττο</em></span> <span class='ocrx_word' id='word_1_266' title='bbox 330 2626 359 2676; x_wconf 86' lang='lat' dir='ltr'><strong>in</strong></span> <span class='ocrx_word' id='word_1_267' title='bbox 375 2625 470 2689; x_wconf 77' lang='lat' dir='ltr'><strong>Gorgia</strong></span> <span class='ocrx_word' id='word_1_268' title='bbox 484 2625 603 2689; x_wconf 79' lang='lat' dir='ltr'><strong>leguntur</strong></span> <span class='ocrx_word' id='word_1_269' title='bbox 618 2634 659 2676; x_wconf 74' lang='lat' dir='ltr'><strong>m.</strong></span> <span class='ocrx_word' id='word_1_270' title='bbox 671 2635 721 2682; x_wconf 80' lang='grc' dir='ltr'><strong>Πῶς</strong></span> <span class='ocrx_word' id='word_1_271' title='bbox 728 2630 775 2694; x_wconf 78' lang='grc' dir='ltr'><strong>γὰρ</strong></span> <span class='ocrx_word' id='word_1_272' title='bbox 823 2631 862 2676; x_wconf 89' lang='lat' dir='ltr'><strong>est</strong></span> <span class='ocrx_word' id='word_1_273' title='bbox 878 2627 1016 2677; x_wconf 86' lang='lat' dir='ltr'><strong>secundum</strong></span> <span class='ocrx_word' id='word_1_274' title='bbox 1031 2643 1089 2677; x_wconf 86' lang='lat' dir='ltr'><strong>eum</strong></span> <span class='ocrx_word' id='word_1_275' title='bbox 1105 2627 1153 2676; x_wconf 77' lang='lat' dir='ltr'><strong>riri</strong></span> <span class='ocrx_word' id='word_1_276' title='bbox 1164 2626 1237 2676; x_wconf 84' lang='lat' dir='ltr'><strong>fortis</strong></span> <span class='ocrx_word' id='word_1_277' title='bbox 1248 2631 1274 2677; x_wconf 85' lang='lat' dir='ltr'><strong>et</strong></span> <span class='ocrx_word' id='word_1_278' title='bbox 1286 2627 1364 2686; x_wconf 90' lang='lat' dir='ltr'><strong>beati,</strong></span> 
     </span>
     <span class='ocr_line' id='line_1_27' title="bbox 236 2690 1363 2761; baseline -0.003 -17"><span class='ocrx_word' id='word_1_279' title='bbox 236 2696 274 2761; x_wconf 65' lang='lat'><strong>033</strong></span> <span class='ocrx_word' id='word_1_280' title='bbox 299 2707 363 2757; x_wconf 82' lang='lat' dir='ltr'><strong>quae</strong></span> <span class='ocrx_word' id='word_1_281' title='bbox 383 2691 500 2751; x_wconf 82' lang='lat' dir='ltr'><strong>nonnulli</strong></span> <span class='ocrx_word' id='word_1_282' title='bbox 524 2690 621 2740; x_wconf 78' lang='lat' dir='ltr'><strong>Gallioli</strong></span> <span class='ocrx_word' id='word_1_283' title='bbox 636 2691 774 2740; x_wconf 69' lang='lat' dir='ltr'><strong>tribuentes</strong></span> <span class='ocrx_word' id='word_1_284' title='bbox 822 2692 870 2741; x_wconf 90' lang='lat' dir='ltr'><strong>hoo</strong></span> <span class='ocrx_word' id='word_1_285' title='bbox 892 2708 944 2743; x_wconf 86' lang='lat' dir='ltr'><strong>uon</strong></span> <span class='ocrx_word' id='word_1_286' title='bbox 962 2693 1036 2758; x_wconf 79' lang='lat' dir='ltr'><strong>posse</strong></span> <span class='ocrx_word' id='word_1_287' title='bbox 1056 2692 1139 2756; x_wconf 82' lang='lat' dir='ltr'><strong>ignavi</strong></span> <span class='ocrx_word' id='word_1_288' title='bbox 1161 2697 1187 2742; x_wconf 90' lang='lat' dir='ltr'><strong>et</strong></span> <span class='ocrx_word' id='word_1_289' title='bbox 1207 2692 1300 2742; x_wconf 85' lang='lat' dir='ltr'><strong>miseri.</strong></span> <span class='ocrx_word' id='word_1_290' title='bbox 1329 2692 1363 2741; x_wconf 92' lang='lat' dir='ltr'><strong>In</strong></span> 
     </span>
     <span class='ocr_line' id='line_1_28' title="bbox 236 2757 1363 2824; baseline -0.001 -17"><span class='ocrx_word' id='word_1_291' title='bbox 236 2759 392 2824; x_wconf 77' lang='lat' dir='ltr'><strong>eonjungont</strong></span> <span class='ocrx_word' id='word_1_292' title='bbox 411 2773 469 2806; x_wconf 85' lang='lat' dir='ltr'><strong>oum</strong></span> <span class='ocrx_word' id='word_1_293' title='bbox 489 2757 570 2808; x_wconf 86' lang='lat' dir='ltr'><strong>verbis</strong></span> <span class='ocrx_word' id='word_1_294' title='bbox 586 2759 636 2815; x_wconf 76' lang='grc' dir='ltr'><em>εοδς</em></span> <span class='ocrx_word' id='word_1_295' title='bbox 652 2766 682 2807; x_wconf 85' lang='grc' dir='ltr'><strong>τ’</strong></span> <span class='ocrx_word' id='word_1_296' title='bbox 698 2775 772 2824; x_wconf 86' lang='grc' dir='ltr'><em>ρονας.</em></span> <span class='ocrx_word' id='word_1_297' title='bbox 823 2760 870 2808; x_wconf 76' lang='lat' dir='ltr'><strong>tes</strong></span> <span class='ocrx_word' id='word_1_298' title='bbox 893 2757 914 2808; x_wconf 82' lang='lat' dir='ltr'>O</span> <span class='ocrx_word' id='word_1_299' title='bbox 935 2757 1049 2808; x_wconf 79' lang='lat' dir='ltr'><strong>Gallioles</strong></span> <span class='ocrx_word' id='word_1_300' title='bbox 1071 2758 1138 2808; x_wconf 86' lang='lat' dir='ltr'><strong>idem</strong></span> <span class='ocrx_word' id='word_1_301' title='bbox 1160 2759 1251 2820; x_wconf 83' lang='lat' dir='ltr'><strong>repetit</strong></span> <span class='ocrx_word' id='word_1_302' title='bbox 1271 2758 1363 2807; x_wconf 81' lang='lat' dir='ltr'><strong>diserte</strong></span> 
     </span>
     <span class='ocr_line' id='line_1_29' title="bbox 237 2822 1362 2889; baseline -0.001 -15"><span class='ocrx_word' id='word_1_303' title='bbox 237 2822 498 2874; x_wconf 86' lang='lat' dir='ltr'><strong>Verumeasineulle</strong></span> <span class='ocrx_word' id='word_1_304' title='bbox 511 2823 667 2872; x_wconf 74' lang='lat' dir='ltr'><strong>dubitatione</strong></span> <span class='ocrx_word' id='word_1_305' title='bbox 694 2823 773 2871; x_wconf 85' lang='lat' dir='ltr'><strong>oorati</strong></span> <span class='ocrx_word' id='word_1_306' title='bbox 820 2839 849 2873; x_wconf 90' lang='lat' dir='ltr'><strong>ao</strong></span> <span class='ocrx_word' id='word_1_307' title='bbox 873 2824 947 2889; x_wconf 86' lang='lat' dir='ltr'><strong>plane</strong></span> <span class='ocrx_word' id='word_1_308' title='bbox 970 2825 1011 2873; x_wconf 92' lang='lat' dir='ltr'><strong>his</strong></span> <span class='ocrx_word' id='word_1_309' title='bbox 1029 2824 1111 2873; x_wconf 81' lang='lat' dir='ltr'><strong>verbis</strong></span> <span class='ocrx_word' id='word_1_310' title='bbox 1127 2829 1154 2876; x_wconf 78' lang='grc' dir='ltr'><strong>εδ</strong></span> <span class='ocrx_word' id='word_1_311' title='bbox 1169 2825 1237 2882; x_wconf 68' lang='grc' dir='ltr'><em>ἡδέως</em></span> <span class='ocrx_word' id='word_1_312' title='bbox 1255 2833 1294 2885; x_wconf 80' lang='grc' dir='ltr'><em>ζῆν</em></span> <span class='ocrx_word' id='word_1_313' title='bbox 1310 2838 1362 2873; x_wconf 87' lang='lat' dir='ltr'><strong>esse</strong></span> 
     </span>
     <span class='ocr_line' id='line_1_30' title="bbox 235 2888 1363 2955; baseline 0 -15"><span class='ocrx_word' id='word_1_314' title='bbox 235 2890 375 2940; x_wconf 81' lang='lat' dir='ltr'><strong>tribuenda.</strong></span> <span class='ocrx_word' id='word_1_315' title='bbox 401 2888 434 2939; x_wconf 90' lang='lat' dir='ltr'><strong>In</strong></span> <span class='ocrx_word' id='word_1_316' title='bbox 450 2889 605 2954; x_wconf 76' lang='lat' dir='ltr'><strong>longioribus</strong></span> <span class='ocrx_word' id='word_1_317' title='bbox 617 2888 773 2938; x_wconf 83' lang='lat' dir='ltr'><strong>sermonibus</strong></span> <span class='ocrx_word' id='word_1_318' title='bbox 821 2891 919 2955; x_wconf 79' lang='grc' dir='ltr'><em>διψῶντα</em></span> <span class='ocrx_word' id='word_1_319' title='bbox 942 2892 1012 2942; x_wconf 85' lang='grc' dir='ltr'><em>πίνειν</em></span> <span class='ocrx_word' id='word_1_320' title='bbox 1033 2893 1070 2941; x_wconf 85' lang='grc' dir='ltr'><strong>καί</strong></span> <span class='ocrx_word' id='word_1_321' title='bbox 1092 2895 1134 2947; x_wconf 80' lang='grc' dir='ltr'><strong>τὰς</strong></span> <span class='ocrx_word' id='word_1_322' title='bbox 1157 2893 1227 2946; x_wconf 73' lang='grc' dir='ltr'><em>ἄλλας</em></span> <span class='ocrx_word' id='word_1_323' title='bbox 1243 2892 1363 2954; x_wconf 74' lang='grc' dir='ltr'><em>ἐπιθυμίας</em></span> 
     </span>
     <span class='ocr_line' id='line_1_31' title="bbox 235 2954 1362 3024; baseline -0.003 -19"><span class='ocrx_word' id='word_1_324' title='bbox 235 2956 325 3005; x_wconf 85' lang='lat' dir='ltr'><strong>mediis</strong></span> <span class='ocrx_word' id='word_1_325' title='bbox 348 2955 416 3015; x_wconf 69' lang='lat' dir='ltr'><strong>talia,</strong></span> <span class='ocrx_word' id='word_1_326' title='bbox 429 2954 489 3005; x_wconf 81' lang='lat' dir='ltr'><strong>ferri</strong></span> <span class='ocrx_word' id='word_1_327' title='bbox 511 2959 630 3021; x_wconf 86' lang='lat' dir='ltr'><strong>possunt,</strong></span> <span class='ocrx_word' id='word_1_328' title='bbox 649 2954 694 3003; x_wconf 92' lang='lat' dir='ltr'><strong>ubi</strong></span> <span class='ocrx_word' id='word_1_329' title='bbox 715 2969 772 3003; x_wconf 86' lang='lat' dir='ltr'><strong>vero</strong></span> <span class='ocrx_word' id='word_1_330' title='bbox 821 2961 914 3013; x_wconf 81' lang='grc' dir='ltr'><em>άπάοας</em></span> <span class='ocrx_word' id='word_1_331' title='bbox 945 2960 1026 3022; x_wconf 74' lang='grc' dir='ltr'><em>ἔχοντα</em></span> <span class='ocrx_word' id='word_1_332' title='bbox 1058 2957 1161 3007; x_wconf 80' lang='grc' dir='ltr'><em>διἐναοθοιι</em></span> <span class='ocrx_word' id='word_1_333' title='bbox 1192 2957 1295 3024; x_wconf 71' lang='grc' dir='ltr'><em>πληροῦν.</em></span> <span class='ocrx_word' id='word_1_334' title='bbox 1325 2955 1362 3003; x_wconf 91' lang='lat' dir='ltr'><strong>sio</strong></span> 
     </span>
     <span class='ocr_line' id='line_1_32' title="bbox 197 3018 1361 3087; baseline -0.003 -16"><span class='ocrx_word' id='word_1_335' title='bbox 197 3042 208 3049; x_wconf 91' lang='lat'>·</span> <span class='ocrx_word' id='word_1_336' title='bbox 235 3023 322 3087; x_wconf 86' lang='lat' dir='ltr'><strong>pauois</strong></span> <span class='ocrx_word' id='word_1_337' title='bbox 338 3022 404 3072; x_wconf 85' lang='lat' dir='ltr'><strong>inter</strong></span> <span class='ocrx_word' id='word_1_338' title='bbox 419 3037 446 3071; x_wconf 87' lang='lat' dir='ltr'><strong>se</strong></span> <span class='ocrx_word' id='word_1_339' title='bbox 461 3020 651 3086; x_wconf 80' lang='lat' dir='ltr'><strong>colloquuntur,</strong></span> <span class='ocrx_word' id='word_1_340' title='bbox 666 3019 706 3068; x_wconf 88' lang='lat' dir='ltr'><strong>uti</strong></span> <span class='ocrx_word' id='word_1_341' title='bbox 716 3018 772 3076; x_wconf 92' lang='lat' dir='ltr'><strong>hio,</strong></span> <span class='ocrx_word' id='word_1_342' title='bbox 821 3022 887 3071; x_wconf 91' lang='lat' dir='ltr'><strong>euim</strong></span> <span class='ocrx_word' id='word_1_343' title='bbox 909 3022 969 3072; x_wconf 87' lang='lat' dir='ltr'><strong>haeo</strong></span> <span class='ocrx_word' id='word_1_344' title='bbox 992 3022 1106 3085; x_wconf 78' lang='lat' dir='ltr'><strong>legenda,</strong></span> <span class='ocrx_word' id='word_1_345' title='bbox 1122 3021 1162 3069; x_wconf 88' lang='lat' dir='ltr'><strong>uti</strong></span> <span class='ocrx_word' id='word_1_346' title='bbox 1178 3020 1243 3069; x_wconf 84' lang='lat' dir='ltr'><strong>infre</strong></span> <span class='ocrx_word' id='word_1_347' title='bbox 1260 3019 1361 3068; x_wconf 87' lang='lat' dir='ltr'><strong>demon-</strong></span> 
     </span>
     <span class='ocr_line' id='line_1_33' title="bbox 207 3085 1362 3152; baseline -0.003 -15"><span class='ocrx_word' id='word_1_348' title='bbox 207 3118 209 3123; x_wconf 93' lang='lat'>·</span> <span class='ocrx_word' id='word_1_349' title='bbox 234 3103 287 3137; x_wconf 85' lang='lat' dir='ltr'><strong>non</strong></span> <span class='ocrx_word' id='word_1_350' title='bbox 310 3088 360 3137; x_wconf 91' lang='lat' dir='ltr'><strong>nisi</strong></span> <span class='ocrx_word' id='word_1_351' title='bbox 384 3088 507 3136; x_wconf 84' lang='lat' dir='ltr'><strong>affirmans</strong></span> <span class='ocrx_word' id='word_1_352' title='bbox 533 3087 596 3135; x_wconf 84' lang='lat' dir='ltr'><strong>alius</strong></span> <span class='ocrx_word' id='word_1_353' title='bbox 620 3086 717 3134; x_wconf 85' lang='lat' dir='ltr'><strong>dietum</strong></span> <span class='ocrx_word' id='word_1_354' title='bbox 739 3095 773 3152; x_wconf 80' lang='grc' dir='ltr'><strong>τῷ</strong></span> <span class='ocrx_word' id='word_1_355' title='bbox 821 3087 964 3136; x_wconf 86' lang='lat' dir='ltr'><strong>strabimua.</strong></span> <span class='ocrx_word' id='word_1_356' title='bbox 990 3087 1082 3136; x_wconf 82' lang='lat' dir='ltr'><strong>Omnia</strong></span> <span class='ocrx_word' id='word_1_357' title='bbox 1106 3086 1208 3151; x_wconf 87' lang='lat' dir='ltr'><strong>quidem</strong></span> <span class='ocrx_word' id='word_1_358' title='bbox 1224 3085 1362 3134; x_wconf 87' lang='lat' dir='ltr'><strong>misoentur</strong></span> 
     </span>
     <span class='ocr_line' id='line_1_34' title="bbox 473 3147 1362 3283; baseline -0.004 -15.056"><span class='ocrx_word' id='word_1_359' title='bbox 473 3150 774 3283; x_wconf 56' lang='grc' dir='ltr'><em>ιτα-μανι</em></span> <span class='ocrx_word' id='word_1_360' title='bbox 820 3152 1127 3283; x_wconf 54' lang='lat' dir='ltr'><strong>turturum</strong></span> <span class='ocrx_word' id='word_1_361' title='bbox 1144 3147 1362 3280; x_wconf 67' lang='grc' dir='ltr'><em>αυλις</em></span> 
     </span>
     <span class='ocr_line' id='line_1_35' title="bbox 712 3256 720 3282; baseline 0 0"><span class='ocrx_word' id='word_1_362' title='bbox 712 3256 720 3282; x_wconf 73' lang='grc' dir='ltr'><em>δ</em></span> 
     </span>
     <span class='ocr_line' id='line_1_36' title="bbox 235 3283 1363 3350; baseline -0.004 -13"><span class='ocrx_word' id='word_1_363' title='bbox 235 3288 292 3337; x_wconf 64' lang='lat' dir='ltr'><strong>elta</strong></span> <span class='ocrx_word' id='word_1_364' title='bbox 307 3289 372 3349; x_wconf 70' lang='grc' dir='ltr'><em>λέγω.</em></span> <span class='ocrx_word' id='word_1_365' title='bbox 392 3286 443 3335; x_wconf 90' lang='lat' dir='ltr'><strong>Pro</strong></span> <span class='ocrx_word' id='word_1_366' title='bbox 460 3289 529 3350; x_wconf 73' lang='grc' dir='ltr'><em>οὕτω,</em></span> <span class='ocrx_word' id='word_1_367' title='bbox 541 3300 605 3349; x_wconf 88' lang='lat' dir='ltr'><strong>quae</strong></span> <span class='ocrx_word' id='word_1_368' title='bbox 616 3290 654 3334; x_wconf 92' lang='lat' dir='ltr'><strong>est</strong></span> <span class='ocrx_word' id='word_1_369' title='bbox 665 3285 773 3333; x_wconf 89' lang='lat' dir='ltr'><strong>duorum</strong></span> <span class='ocrx_word' id='word_1_370' title='bbox 821 3289 923 3334; x_wconf 87' lang='lat' dir='ltr'><strong>tantem.</strong></span> <span class='ocrx_word' id='word_1_371' title='bbox 945 3285 1025 3334; x_wconf 86' lang='lat' dir='ltr'><strong>Pbdr.</strong></span> <span class='ocrx_word' id='word_1_372' title='bbox 1045 3285 1091 3333; x_wconf 78' lang='lat'><strong>238</strong></span> <span class='ocrx_word' id='word_1_373' title='bbox 1109 3283 1132 3332; x_wconf 74' lang='lat' dir='ltr'><strong>E</strong></span> <span class='ocrx_word' id='word_1_374' title='bbox 1149 3284 1240 3347; x_wconf 84' lang='lat' dir='ltr'><strong>legitur</strong></span> <span class='ocrx_word' id='word_1_375' title='bbox 1256 3284 1363 3350; x_wconf 71' lang='lat' dir='ltr'><strong>teulerias</strong></span> 
     </span>
     <span class='ocr_line' id='line_1_37' title="bbox 235 3348 1359 3419; baseline -0.004 -18"><span class='ocrx_word' id='word_1_376' title='bbox 235 3351 350 3401; x_wconf 85' lang='lat' dir='ltr'><strong>oodieum</strong></span> <span class='ocrx_word' id='word_1_377' title='bbox 373 3353 458 3410; x_wconf 89' lang='lat' dir='ltr'><strong>leotio,</strong></span> <span class='ocrx_word' id='word_1_378' title='bbox 480 3351 524 3401; x_wconf 90' lang='lat' dir='ltr'><strong>elii</strong></span> <span class='ocrx_word' id='word_1_379' title='bbox 541 3367 570 3399; x_wconf 90' lang='lat' dir='ltr'><strong>ex</strong></span> <span class='ocrx_word' id='word_1_380' title='bbox 586 3350 689 3414; x_wconf 87' lang='lat' dir='ltr'><strong>reliquis</strong></span> <span class='ocrx_word' id='word_1_381' title='bbox 706 3348 773 3398; x_wconf 84' lang='lat' dir='ltr'><strong>eodi-</strong></span> <span class='ocrx_word' id='word_1_382' title='bbox 823 3353 894 3419; x_wconf 73' lang='grc' dir='ltr'><em>ἡδονῇ.</em></span> <span class='ocrx_word' id='word_1_383' title='bbox 919 3351 967 3400; x_wconf 75' lang='lat' dir='ltr'><strong>nst</strong></span> <span class='ocrx_word' id='word_1_384' title='bbox 977 3351 1055 3414; x_wconf 75' lang='lat' dir='ltr'><strong>igitur</strong></span> <span class='ocrx_word' id='word_1_385' title='bbox 1066 3350 1179 3400; x_wconf 85' lang='lat' dir='ltr'><strong>neutrius</strong></span> <span class='ocrx_word' id='word_1_386' title='bbox 1189 3349 1284 3413; x_wconf 86' lang='lat' dir='ltr'><strong>generis</strong></span> <span class='ocrx_word' id='word_1_387' title='bbox 1296 3349 1359 3398; x_wconf 88' lang='lat' dir='ltr'><strong>illud</strong></span> 
     </span>
     <span class='ocr_line' id='line_1_38' title="bbox 235 3414 1360 3480; baseline -0.003 -14"><span class='ocrx_word' id='word_1_388' title='bbox 235 3417 306 3466; x_wconf 89' lang='lat' dir='ltr'><strong>oibus</strong></span> <span class='ocrx_word' id='word_1_389' title='bbox 327 3417 461 3468; x_wconf 87' lang='lat' dir='ltr'><strong>ediderunt</strong></span> <span class='ocrx_word' id='word_1_390' title='bbox 485 3421 509 3467; x_wconf 82' lang='grc' dir='ltr'><strong>οὐ</strong></span> <span class='ocrx_word' id='word_1_391' title='bbox 524 3423 605 3480; x_wconf 80' lang='grc' dir='ltr'><em>τοῦτο,</em></span> <span class='ocrx_word' id='word_1_392' title='bbox 621 3417 650 3465; x_wconf 88' lang='lat' dir='ltr'><strong>in</strong></span> <span class='ocrx_word' id='word_1_393' title='bbox 666 3429 774 3480; x_wconf 87' lang='lat' dir='ltr'><strong>quorum</strong></span> <span class='ocrx_word' id='word_1_394' title='bbox 824 3420 913 3469; x_wconf 74' lang='grc' dir='ltr'><em>δευοῡν.</em></span> <span class='ocrx_word' id='word_1_395' title='bbox 949 3417 1023 3466; x_wconf 86' lang='lat' dir='ltr'><strong>Hano</strong></span> <span class='ocrx_word' id='word_1_396' title='bbox 1050 3417 1141 3466; x_wconf 89' lang='lat' dir='ltr'><strong>bonam</strong></span> <span class='ocrx_word' id='word_1_397' title='bbox 1169 3431 1221 3465; x_wconf 83' lang='lat' dir='ltr'><strong>esse</strong></span> <span class='ocrx_word' id='word_1_398' title='bbox 1249 3414 1360 3464; x_wconf 75' lang='lat' dir='ltr'><strong>Calliclis</strong></span> 
     </span>
     <span class='ocr_line' id='line_1_39' title="bbox 234 3467 1360 3596; baseline -0.003 -63"><span class='ocrx_word' id='word_1_399' title='bbox 234 3483 290 3534; x_wconf 88' lang='lat' dir='ltr'><strong>looo</strong></span> <span class='ocrx_word' id='word_1_400' title='bbox 299 3483 343 3534; x_wconf 84' lang='lat' dir='ltr'><strong>elii</strong></span> <span class='ocrx_word' id='word_1_401' title='bbox 353 3485 435 3534; x_wconf 90' lang='lat' dir='ltr'><strong>solum</strong></span> <span class='ocrx_word' id='word_1_402' title='bbox 446 3490 514 3536; x_wconf 79' lang='grc' dir='ltr'><em>τοῦτο</em></span> <span class='ocrx_word' id='word_1_403' title='bbox 522 3483 689 3596; x_wconf 62' lang='lat' dir='ltr'><strong>ponidubent.</strong></span> <span class='ocrx_word' id='word_1_404' title='bbox 706 3481 773 3544; x_wconf 73' lang='lat' dir='ltr'><strong>ugo,</strong></span> <span class='ocrx_word' id='word_1_405' title='bbox 822 3467 954 3533; x_wconf 74' lang='lat' dir='ltr'><strong>veiborum</strong></span> <span class='ocrx_word' id='word_1_406' title='bbox 961 3482 1198 3549; x_wconf 77' lang='lat' dir='ltr'><strong>interpretationem,</strong></span> <span class='ocrx_word' id='word_1_407' title='bbox 1209 3497 1360 3546; x_wconf 88' lang='lat' dir='ltr'><strong>quemquam</strong></span> 
     </span>
     <span class='ocr_line' id='line_1_40' title="bbox 235 3546 1361 3614; baseline -0.003 -16"><span class='ocrx_word' id='word_1_408' title='bbox 235 3549 257 3598; x_wconf 94' lang='lat' dir='ltr'><strong>si</strong></span> <span class='ocrx_word' id='word_1_409' title='bbox 273 3551 330 3614; x_wconf 85' lang='lat' dir='ltr'><strong>quis</strong></span> <span class='ocrx_word' id='word_1_410' title='bbox 345 3554 436 3607; x_wconf 67' lang='grc' dir='ltr'><em>τούτους</em></span> <span class='ocrx_word' id='word_1_411' title='bbox 451 3548 539 3614; x_wconf 86' lang='lat' dir='ltr'><strong>reponi</strong></span> <span class='ocrx_word' id='word_1_412' title='bbox 555 3564 584 3596; x_wconf 82' lang='lat' dir='ltr'><strong>ve</strong></span> <span class='ocrx_word' id='word_1_413' title='bbox 604 3546 774 3610; x_wconf 83' lang='lat' dir='ltr'><strong>etaosiolegi</strong></span> <span class='ocrx_word' id='word_1_414' title='bbox 822 3564 901 3614; x_wconf 88' lang='lat' dir='ltr'><strong>neque</strong></span> <span class='ocrx_word' id='word_1_415' title='bbox 925 3550 986 3598; x_wconf 87' lang='lat' dir='ltr'><strong>haee</strong></span> <span class='ocrx_word' id='word_1_416' title='bbox 1009 3549 1058 3598; x_wconf 89' lang='lat' dir='ltr'><strong>looi</strong></span> <span class='ocrx_word' id='word_1_417' title='bbox 1083 3565 1140 3613; x_wconf 89' lang='lat' dir='ltr'><strong>para</strong></span> <span class='ocrx_word' id='word_1_418' title='bbox 1163 3549 1216 3596; x_wconf 91' lang='lat' dir='ltr'><strong>sine</strong></span> <span class='ocrx_word' id='word_1_419' title='bbox 1238 3547 1293 3596; x_wconf 91' lang='lat' dir='ltr'><strong>labe</strong></span> <span class='ocrx_word' id='word_1_420' title='bbox 1308 3552 1361 3606; x_wconf 85' lang='lat' dir='ltr'><strong>est,</strong></span> 
     </span>
     <span class='ocr_line' id='line_1_41' title="bbox 236 3613 1360 3683; baseline -0.006 -15"><span class='ocrx_word' id='word_1_421' title='bbox 236 3619 324 3675; x_wconf 76' lang='grc' dir='ltr'><em>τοίτυνς</em></span> <span class='ocrx_word' id='word_1_422' title='bbox 340 3616 370 3680; x_wconf 86' lang='lat' dir='ltr'><strong>(i.</strong></span> <span class='ocrx_word' id='word_1_423' title='bbox 380 3632 401 3666; x_wconf 92' lang='lat' dir='ltr'><strong>e.</strong></span> <span class='ocrx_word' id='word_1_424' title='bbox 419 3619 468 3674; x_wconf 75' lang='grc' dir='ltr'><em>τοδς</em></span> <span class='ocrx_word' id='word_1_425' title='bbox 482 3618 577 3674; x_wconf 79' lang='grc' dir='ltr'><em>ἠλιθίους</em></span> <span class='ocrx_word' id='word_1_426' title='bbox 587 3616 637 3671; x_wconf 81' lang='grc' dir='ltr'><em>τοὺς</em></span> <span class='ocrx_word' id='word_1_427' title='bbox 648 3613 772 3683; x_wconf 74' lang='grc' dir='ltr'><em>σώφρονας)</em></span> <span class='ocrx_word' id='word_1_428' title='bbox 821 3619 924 3681; x_wconf 80' lang='lat' dir='ltr'><strong>apparet</strong></span> <span class='ocrx_word' id='word_1_429' title='bbox 948 3630 978 3664; x_wconf 87' lang='lat' dir='ltr'><strong>ex</strong></span> <span class='ocrx_word' id='word_1_430' title='bbox 1003 3614 1112 3664; x_wconf 81' lang='lat' dir='ltr'><strong>Souratie</strong></span> <span class='ocrx_word' id='word_1_431' title='bbox 1133 3629 1252 3680; x_wconf 83' lang='lat' dir='ltr'><strong>responso</strong></span> <span class='ocrx_word' id='word_1_432' title='bbox 1268 3613 1296 3661; x_wconf 93' lang='lat' dir='ltr'><strong>in</strong></span> <span class='ocrx_word' id='word_1_433' title='bbox 1313 3615 1360 3662; x_wconf 78' lang='grc'><strong>492</strong></span> 
     </span>
     <span class='ocr_line' id='line_1_42' title="bbox 236 3679 1361 3747; baseline -0.007 -13"><span class='ocrx_word' id='word_1_434' title='bbox 236 3685 304 3747; x_wconf 70' lang='grc' dir='ltr'><em>λίνον,</em></span> <span class='ocrx_word' id='word_1_435' title='bbox 321 3683 387 3732; x_wconf 82' lang='lat' dir='ltr'><strong>hano</strong></span> <span class='ocrx_word' id='word_1_436' title='bbox 403 3683 572 3747; x_wconf 86' lang='lat' dir='ltr'><strong>ooujeeturam</strong></span> <span class='ocrx_word' id='word_1_437' title='bbox 587 3679 690 3744; x_wconf 87' lang='lat' dir='ltr'><strong>reliquis</strong></span> <span class='ocrx_word' id='word_1_438' title='bbox 703 3693 772 3745; x_wconf 86' lang='lat' dir='ltr'><strong>prae·</strong></span> <span class='ocrx_word' id='word_1_439' title='bbox 821 3681 860 3740; x_wconf 91' lang='lat' dir='ltr'><strong>D,</strong></span> <span class='ocrx_word' id='word_1_440' title='bbox 879 3681 921 3729; x_wconf 92' lang='lat' dir='ltr'><strong>ubi</strong></span> <span class='ocrx_word' id='word_1_441' title='bbox 935 3680 1207 3730; x_wconf 81' lang='lat' dir='ltr'><strong>Calliclis&#39;sententism</strong></span> <span class='ocrx_word' id='word_1_442' title='bbox 1217 3680 1361 3727; x_wconf 86' lang='lat' dir='ltr'><strong>summatim</strong></span> 
     </span>
     <span class='ocr_line' id='line_1_43' title="bbox 235 3744 1361 3812; baseline -0.003 -13"><span class='ocrx_word' id='word_1_443' title='bbox 235 3748 331 3798; x_wconf 82' lang='lat' dir='ltr'><strong>ferrem.</strong></span> <span class='ocrx_word' id='word_1_444' title='bbox 345 3749 457 3798; x_wconf 76' lang='lat' dir='ltr'><strong>Socrates</strong></span> <span class='ocrx_word' id='word_1_445' title='bbox 467 3748 570 3796; x_wconf 86' lang='lat' dir='ltr'><strong>debebat</strong></span> <span class='ocrx_word' id='word_1_446' title='bbox 578 3746 709 3810; x_wconf 77' lang='lat' dir='ltr'><strong>objurgare</strong></span> <span class='ocrx_word' id='word_1_447' title='bbox 718 3744 773 3793; x_wconf 78' lang='lat' dir='ltr'><strong>usl-</strong></span> <span class='ocrx_word' id='word_1_448' title='bbox 821 3747 861 3795; x_wconf 87' lang='lat' dir='ltr'><strong>his</strong></span> <span class='ocrx_word' id='word_1_449' title='bbox 877 3746 958 3795; x_wconf 79' lang='lat' dir='ltr'><strong>verbis</strong></span> <span class='ocrx_word' id='word_1_450' title='bbox 974 3746 1113 3812; x_wconf 87' lang='lat' dir='ltr'><strong>repetit-</strong></span> <span class='ocrx_word' id='word_1_451' title='bbox 1129 3753 1168 3812; x_wconf 76' lang='grc' dir='ltr'><strong>φὴς</strong></span> <span class='ocrx_word' id='word_1_452' title='bbox 1184 3770 1217 3783; x_wconf 90' lang='grc'>-</span> <span class='ocrx_word' id='word_1_453' title='bbox 1228 3751 1297 3796; x_wconf 77' lang='grc' dir='ltr'><em>λῶντι</em></span> <span class='ocrx_word' id='word_1_454' title='bbox 1308 3750 1361 3808; x_wconf 76' lang='grc' dir='ltr'><strong>(τὰς</strong></span> 
     </span>
     <span class='ocr_line' id='line_1_44' title="bbox 126 3810 1362 3881; baseline 0 -18"><span class='ocrx_word' id='word_1_455' title='bbox 126 3852 129 3863; x_wconf 88' lang='grc'><strong><em>,</em></strong></span> <span class='ocrx_word' id='word_1_456' title='bbox 234 3814 317 3864; x_wconf 85' lang='lat' dir='ltr'><strong>liolem</strong></span> <span class='ocrx_word' id='word_1_457' title='bbox 333 3820 358 3865; x_wconf 82' lang='lat' dir='ltr'><strong>et</strong></span> <span class='ocrx_word' id='word_1_458' title='bbox 373 3815 428 3881; x_wconf 81' lang='lat' dir='ltr'><strong>ojus</strong></span> <span class='ocrx_word' id='word_1_459' title='bbox 441 3814 557 3879; x_wconf 82' lang='lat' dir='ltr'><strong>jejunum</strong></span> <span class='ocrx_word' id='word_1_460' title='bbox 573 3810 711 3874; x_wconf 77' lang='lat' dir='ltr'><strong>etvulgsre</strong></span> <span class='ocrx_word' id='word_1_461' title='bbox 721 3810 773 3858; x_wconf 74' lang='lat' dir='ltr'><strong>dic·</strong></span> <span class='ocrx_word' id='word_1_462' title='bbox 821 3813 952 3877; x_wconf 75' lang='grc' dir='ltr'><em>ἐπιθυμίας)</em></span> <span class='ocrx_word' id='word_1_463' title='bbox 975 3817 1004 3871; x_wconf 81' lang='grc' dir='ltr'><strong>ὡς</strong></span> <span class='ocrx_word' id='word_1_464' title='bbox 1025 3816 1136 3877; x_wconf 74' lang='grc' dir='ltr'><em>μεγίστας</em></span> <span class='ocrx_word' id='word_1_465' title='bbox 1154 3816 1267 3880; x_wconf 78' lang='grc' dir='ltr'><em>πλήρωσιν</em></span> <span class='ocrx_word' id='word_1_466' title='bbox 1282 3815 1362 3868; x_wconf 74' lang='grc' dir='ltr'><em>αὐτοῖς</em></span> 
     </span>
     <span class='ocr_line' id='line_1_45' title="bbox 124 3875 1362 3945; baseline -0.001 -16"><span class='ocrx_word' id='word_1_467' title='bbox 124 3908 135 3917; x_wconf 83' lang='lat'><strong>.,</strong></span> <span class='ocrx_word' id='word_1_468' title='bbox 235 3885 291 3930; x_wconf 79' lang='lat' dir='ltr'><strong>tum</strong></span> <span class='ocrx_word' id='word_1_469' title='bbox 313 3883 364 3939; x_wconf 74' lang='grc' dir='ltr'><em>τνδς</em></span> <span class='ocrx_word' id='word_1_470' title='bbox 389 3884 482 3940; x_wconf 81' lang='grc' dir='ltr'><em>ἠλιθίους</em></span> <span class='ocrx_word' id='word_1_471' title='bbox 504 3884 575 3944; x_wconf 68' lang='grc' dir='ltr'><em>λίνοις</em></span> <span class='ocrx_word' id='word_1_472' title='bbox 594 3879 644 3935; x_wconf 66' lang='lat' dir='ltr'><strong>sels</strong></span> <span class='ocrx_word' id='word_1_473' title='bbox 661 3887 774 3945; x_wconf 62' lang='grc' dir='ltr'><em>σώφρονας</em></span> <span class='ocrx_word' id='word_1_474' title='bbox 821 3885 906 3943; x_wconf 78' lang='grc' dir='ltr'><em>ἁμόθεν</em></span> <span class='ocrx_word' id='word_1_475' title='bbox 930 3887 957 3942; x_wconf 69' lang='grc' dir='ltr'><strong>γέ</strong></span> <span class='ocrx_word' id='word_1_476' title='bbox 979 3884 1045 3930; x_wconf 79' lang='grc' dir='ltr'><em>ποθεν</em></span> <span class='ocrx_word' id='word_1_477' title='bbox 1067 3882 1212 3943; x_wconf 80' lang='grc' dir='ltr'><em>ίτοιμάζιιν,</em></span> <span class='ocrx_word' id='word_1_478' title='bbox 1238 3881 1275 3929; x_wconf 80' lang='grc' dir='ltr'><strong>καί</strong></span> <span class='ocrx_word' id='word_1_479' title='bbox 1299 3875 1362 3929; x_wconf 80' lang='grc' dir='ltr'><em>τοῦτ’</em></span> 
     </span>
     <span class='ocr_line' id='line_1_46' title="bbox 235 3942 1360 4014; baseline -0.003 -19"><span class='ocrx_word' id='word_1_480' title='bbox 235 3962 317 3996; x_wconf 81' lang='lat' dir='ltr'><strong>severe</strong></span> <span class='ocrx_word' id='word_1_481' title='bbox 341 3948 468 4010; x_wconf 82' lang='lat' dir='ltr'><strong>castigare.</strong></span> <span class='ocrx_word' id='word_1_482' title='bbox 497 3946 547 3996; x_wconf 80' lang='lat' dir='ltr'><strong>Sed</strong></span> <span class='ocrx_word' id='word_1_483' title='bbox 568 3945 596 3993; x_wconf 92' lang='lat' dir='ltr'><strong>id</strong></span> <span class='ocrx_word' id='word_1_484' title='bbox 617 3959 649 3993; x_wconf 91' lang='lat' dir='ltr'><strong>ne</strong></span> <span class='ocrx_word' id='word_1_485' title='bbox 670 3942 773 4005; x_wconf 76' lang='lat' dir='ltr'><strong>corrigit</strong></span> <span class='ocrx_word' id='word_1_486' title='bbox 822 3946 876 3996; x_wconf 82' lang='grc' dir='ltr'><em>εἶναι</em></span> <span class='ocrx_word' id='word_1_487' title='bbox 892 3951 932 4005; x_wconf 71' lang='grc' dir='ltr'><em>τὴν</em></span> <span class='ocrx_word' id='word_1_488' title='bbox 946 3951 1043 4014; x_wconf 52' lang='lat' dir='ltr'><strong>eperum</strong></span> <span class='ocrx_word' id='word_1_489' title='bbox 1067 3943 1139 3994; x_wconf 82' lang='lat' dir='ltr'><strong>Coei.</strong></span> <span class='ocrx_word' id='word_1_490' title='bbox 1157 3944 1203 3992; x_wconf 80' lang='lat'><strong>503</strong></span> <span class='ocrx_word' id='word_1_491' title='bbox 1222 3943 1254 4001; x_wconf 83' lang='lat' dir='ltr'><strong>O,</strong></span> <span class='ocrx_word' id='word_1_492' title='bbox 1273 3943 1360 3994; x_wconf 82' lang='lat' dir='ltr'><strong>5071t</strong></span> 
     </span>
     <span class='ocr_line' id='line_1_47' title="bbox 252 4009 1362 4074; baseline 0 -13"><span class='ocrx_word' id='word_1_493' title='bbox 252 4013 350 4071; x_wconf 82' lang='lat' dir='ltr'><strong>uidem,</strong></span> <span class='ocrx_word' id='word_1_494' title='bbox 361 4014 388 4062; x_wconf 87' lang='lat' dir='ltr'><strong>in</strong></span> <span class='ocrx_word' id='word_1_495' title='bbox 399 4015 501 4063; x_wconf 87' lang='lat' dir='ltr'><strong>eandem</strong></span> <span class='ocrx_word' id='word_1_496' title='bbox 512 4010 659 4061; x_wconf 83' lang='lat' dir='ltr'><strong>sententiam</strong></span> <span class='ocrx_word' id='word_1_497' title='bbox 670 4024 772 4074; x_wconf 87' lang='lat' dir='ltr'><strong>respon·</strong></span> <span class='ocrx_word' id='word_1_498' title='bbox 821 4011 854 4060; x_wconf 84' lang='lat' dir='ltr'><strong>al.</strong></span> <span class='ocrx_word' id='word_1_499' title='bbox 869 4038 903 4047; x_wconf 96' lang='lat'>-</span> <span class='ocrx_word' id='word_1_500' title='bbox 919 4009 1036 4060; x_wconf 81' lang='lat' dir='ltr'><strong>Fortasse</strong></span> <span class='ocrx_word' id='word_1_501' title='bbox 1051 4009 1161 4060; x_wconf 84' lang='lat' dir='ltr'><strong>Oallielis</strong></span> <span class='ocrx_word' id='word_1_502' title='bbox 1177 4009 1251 4058; x_wconf 86' lang='lat' dir='ltr'><strong>verba</strong></span> <span class='ocrx_word' id='word_1_503' title='bbox 1264 4015 1325 4061; x_wconf 72' lang='grc' dir='ltr'><em>Πάνυ</em></span> <span class='ocrx_word' id='word_1_504' title='bbox 1335 4029 1362 4074; x_wconf 71' lang='grc' dir='ltr'><em>γε</em></span> 
     </span>
     <span class='ocr_line' id='line_1_48' title="bbox 234 4029 1361 4147; baseline -0.004 -19"><span class='ocrx_word' id='word_1_505' title='bbox 234 4029 297 4128; x_wconf 66' lang='lat' dir='ltr'><strong>iens</strong></span> <span class='ocrx_word' id='word_1_506' title='bbox 321 4089 371 4136; x_wconf 79' lang='grc' dir='ltr'><strong>Πῶς</strong></span> <span class='ocrx_word' id='word_1_507' title='bbox 396 4071 504 4147; x_wconf 58' lang='lat' dir='ltr'><strong>poploe,</strong></span> <span class='ocrx_word' id='word_1_508' title='bbox 529 4079 597 4135; x_wconf 74' lang='grc' dir='ltr'><em>οὐδεὶς</em></span> <span class='ocrx_word' id='word_1_509' title='bbox 617 4080 678 4134; x_wconf 87' lang='grc' dir='ltr'><em>δοτις</em></span> <span class='ocrx_word' id='word_1_510' title='bbox 695 4081 732 4126; x_wconf 87' lang='grc' dir='ltr'><strong>ουόι</strong></span> <span class='ocrx_word' id='word_1_511' title='bbox 748 4079 775 4127; x_wconf 73' lang='grc' dir='ltr'><strong>’ἂν</strong></span> <span class='ocrx_word' id='word_1_512' title='bbox 823 4078 924 4146; x_wconf 77' lang='grc' dir='ltr'><em>ορθδροι,</em></span> <span class='ocrx_word' id='word_1_513' title='bbox 945 4078 962 4128; x_wconf 81' lang='grc' dir='ltr'><strong>ὦ</strong></span> <span class='ocrx_word' id='word_1_514' title='bbox 983 4088 1006 4127; x_wconf 79' lang='grc' dir='ltr'><strong>Σ.</strong></span> <span class='ocrx_word' id='word_1_515' title='bbox 1023 4079 1118 4126; x_wconf 86' lang='lat' dir='ltr'><strong>bonum</strong></span> <span class='ocrx_word' id='word_1_516' title='bbox 1134 4090 1281 4140; x_wconf 88' lang='lat' dir='ltr'><strong>responsum</strong></span> <span class='ocrx_word' id='word_1_517' title='bbox 1297 4079 1361 4124; x_wconf 86' lang='lat' dir='ltr'><strong>esset</strong></span> 
     </span>
     <span class='ocr_line' id='line_1_49' title="bbox 235 4141 1361 4209; baseline -0.004 -15"><span class='ocrx_word' id='word_1_518' title='bbox 235 4146 311 4209; x_wconf 73' lang='grc' dir='ltr'><em>γνοίη,</em></span> <span class='ocrx_word' id='word_1_519' title='bbox 334 4147 370 4194; x_wconf 83' lang='grc' dir='ltr'><strong>δτι</strong></span> <span class='ocrx_word' id='word_1_520' title='bbox 391 4149 481 4202; x_wconf 82' lang='grc' dir='ltr'><em>τοὺεους</em></span> <span class='ocrx_word' id='word_1_521' title='bbox 503 4148 572 4207; x_wconf 68' lang='grc' dir='ltr'><em>λέγει,</em></span> <span class='ocrx_word' id='word_1_522' title='bbox 591 4145 639 4192; x_wconf 83' lang='lat' dir='ltr'><strong>hoe</strong></span> <span class='ocrx_word' id='word_1_523' title='bbox 656 4141 772 4198; x_wconf 83' lang='lat' dir='ltr'><strong>oonsilio,</strong></span> <span class='ocrx_word' id='word_1_524' title='bbox 823 4143 855 4192; x_wconf 85' lang='lat' dir='ltr'><strong>ud</strong></span> <span class='ocrx_word' id='word_1_525' title='bbox 871 4142 956 4207; x_wconf 89' lang='lat' dir='ltr'><strong>paullo</strong></span> <span class='ocrx_word' id='word_1_526' title='bbox 973 4143 1092 4208; x_wconf 83' lang='lat' dir='ltr'><strong>superius</strong></span> <span class='ocrx_word' id='word_1_527' title='bbox 1105 4141 1198 4206; x_wconf 84' lang='lat' dir='ltr'><strong>saripta</strong></span> <span class='ocrx_word' id='word_1_528' title='bbox 1214 4145 1305 4198; x_wconf 78' lang='grc' dir='ltr'><em>ἠτοῦτο</em></span> <span class='ocrx_word' id='word_1_529' title='bbox 1319 4145 1361 4205; x_wconf 81' lang='grc' dir='ltr'><strong>μίν</strong></span> 
     </span>
     <span class='ocr_line' id='line_1_50' title="bbox 235 4205 1362 4279; baseline -0.004 -19"><span class='ocrx_word' id='word_1_530' title='bbox 235 4225 267 4260; x_wconf 86' lang='lat' dir='ltr'><strong>ne</strong></span> <span class='ocrx_word' id='word_1_531' title='bbox 282 4213 373 4259; x_wconf 73' lang='lat' dir='ltr'><strong>temere</strong></span> <span class='ocrx_word' id='word_1_532' title='bbox 388 4208 718 4275; x_wconf 86' lang='lat' dir='ltr'><strong>verbasttempusperdat,</strong></span> <span class='ocrx_word' id='word_1_533' title='bbox 731 4206 774 4257; x_wconf 88' lang='lat' dir='ltr'><strong>aed</strong></span> <span class='ocrx_word' id='word_1_534' title='bbox 824 4210 883 4261; x_wconf 75' lang='grc' dir='ltr'><em>οὐδὲν</em></span> <span class='ocrx_word' id='word_1_535' title='bbox 907 4211 939 4260; x_wconf 77' lang='grc' dir='ltr'><em>δεῖ</em></span> <span class='ocrx_word' id='word_1_536' title='bbox 964 4213 1029 4261; x_wconf 75' lang='grc' dir='ltr'><em>αὐτὸν</em></span> <span class='ocrx_word' id='word_1_537' title='bbox 1052 4211 1132 4261; x_wconf 73' lang='grc' dir='ltr'><em>ἑαυτοῦ</em></span> <span class='ocrx_word' id='word_1_538' title='bbox 1156 4214 1252 4279; x_wconf 76' lang='grc' dir='ltr'><em>ἄρχειν,</em></span> <span class='ocrx_word' id='word_1_539' title='bbox 1279 4205 1362 4258; x_wconf 81' lang='grc' dir='ltr'><em>τῶνδ’</em></span> 
     </span>
     <span class='ocr_line' id='line_1_51' title="bbox 234 4274 1360 4342; baseline -0.002 -17"><span class='ocrx_word' id='word_1_540' title='bbox 234 4279 266 4325; x_wconf 90' lang='lat' dir='ltr'><strong>ut</strong></span> <span class='ocrx_word' id='word_1_541' title='bbox 282 4275 452 4327; x_wconf 84' lang='lat' dir='ltr'><strong>oontinuo&#39;ex</strong></span> <span class='ocrx_word' id='word_1_542' title='bbox 472 4292 501 4326; x_wconf 90' lang='lat' dir='ltr'><strong>eo</strong></span> <span class='ocrx_word' id='word_1_543' title='bbox 517 4275 600 4324; x_wconf 87' lang='lat' dir='ltr'><strong>elieiet</strong></span> <span class='ocrx_word' id='word_1_544' title='bbox 615 4274 774 4339; x_wconf 86' lang='lat' dir='ltr'><strong>voluptatum</strong></span> <span class='ocrx_word' id='word_1_545' title='bbox 823 4279 909 4342; x_wconf 69' lang='grc' dir='ltr'><em>ἄλλους</em></span> <span class='ocrx_word' id='word_1_546' title='bbox 935 4290 999 4340; x_wconf 88' lang='lat' dir='ltr'><strong>quae</strong></span> <span class='ocrx_word' id='word_1_547' title='bbox 1020 4275 1098 4338; x_wconf 82' lang='lat' dir='ltr'><strong>igitur</strong></span> <span class='ocrx_word' id='word_1_548' title='bbox 1120 4274 1257 4340; x_wconf 84' lang='lat' dir='ltr'><strong>posthaec</strong></span> <span class='ocrx_word' id='word_1_549' title='bbox 1279 4278 1360 4323; x_wconf 89' lang='lat' dir='ltr'><strong>trans·</strong></span> 
     </span>
     <span class='ocr_line' id='line_1_52' title="bbox 234 4339 1360 4407; baseline -0.002 -17"><span class='ocrx_word' id='word_1_550' title='bbox 234 4369 235 4372; x_wconf 64' lang='lat'><em>=</em></span> <span class='ocrx_word' id='word_1_551' title='bbox 268 4341 418 4401; x_wconf 74' lang='lat' dir='ltr'><strong>tenemium,</strong></span> <span class='ocrx_word' id='word_1_552' title='bbox 439 4342 508 4407; x_wconf 89' lang='lat' dir='ltr'><strong>quod</strong></span> <span class='ocrx_word' id='word_1_553' title='bbox 523 4341 613 4391; x_wconf 87' lang='lat' dir='ltr'><strong>deinde</strong></span> <span class='ocrx_word' id='word_1_554' title='bbox 630 4340 773 4390; x_wconf 80' lang='lat' dir='ltr'><strong>deblaterat.</strong></span> <span class='ocrx_word' id='word_1_555' title='bbox 841 4341 938 4390; x_wconf 82' lang='lat' dir='ltr'><strong>orrenda</strong></span> <span class='ocrx_word' id='word_1_556' title='bbox 953 4346 1042 4392; x_wconf 88' lang='lat' dir='ltr'><strong>esseut.</strong></span> <span class='ocrx_word' id='word_1_557' title='bbox 1066 4341 1115 4390; x_wconf 82' lang='lat' dir='ltr'><strong>Sed</strong></span> <span class='ocrx_word' id='word_1_558' title='bbox 1136 4341 1196 4389; x_wconf 79' lang='lat' dir='ltr'><strong>bueo</strong></span> <span class='ocrx_word' id='word_1_559' title='bbox 1212 4339 1272 4387; x_wconf 83' lang='lat' dir='ltr'><strong>laris</strong></span> <span class='ocrx_word' id='word_1_560' title='bbox 1286 4354 1360 4403; x_wconf 85' lang='lat' dir='ltr'><strong>quae·</strong></span> 
     </span>
     <span class='ocr_line' id='line_1_53' title="bbox 235 4358 1100 4472; baseline -0.002 -15"><span class='ocrx_word' id='word_1_561' title='bbox 235 4358 396 4472; x_wconf 47' lang='lat' dir='ltr'><strong>&amp;numquam</strong></span> <span class='ocrx_word' id='word_1_562' title='bbox 413 4408 483 4457; x_wconf 86' lang='lat' dir='ltr'><strong>loeus</strong></span> <span class='ocrx_word' id='word_1_563' title='bbox 494 4423 546 4457; x_wconf 89' lang='lat' dir='ltr'><strong>uon</strong></span> <span class='ocrx_word' id='word_1_564' title='bbox 556 4411 594 4456; x_wconf 89' lang='lat' dir='ltr'><strong>est</strong></span> <span class='ocrx_word' id='word_1_565' title='bbox 604 4407 706 4469; x_wconf 84' lang='lat' dir='ltr'><strong>integer,</strong></span> <span class='ocrx_word' id='word_1_566' title='bbox 714 4405 775 4454; x_wconf 87' lang='lat' dir='ltr'><strong>haee</strong></span> <span class='ocrx_word' id='word_1_567' title='bbox 822 4358 881 4456; x_wconf 70' lang='lat' dir='ltr'><strong>lam</strong></span> <span class='ocrx_word' id='word_1_568' title='bbox 896 4412 935 4457; x_wconf 90' lang='lat' dir='ltr'><strong>est</strong></span> <span class='ocrx_word' id='word_1_569' title='bbox 951 4409 1100 4472; x_wconf 86' lang='lat' dir='ltr'><strong>eonjeetura.</strong></span> 
     </span>
     <span class='ocr_line' id='line_1_54' title="bbox 236 4473 1360 4539; baseline -0.002 -15"><span class='ocrx_word' id='word_1_570' title='bbox 236 4478 320 4524; x_wconf 74' lang='lat' dir='ltr'><strong>tumen</strong></span> <span class='ocrx_word' id='word_1_571' title='bbox 335 4475 458 4524; x_wconf 87' lang='lat' dir='ltr'><strong>sententia</strong></span> <span class='ocrx_word' id='word_1_572' title='bbox 471 4489 502 4525; x_wconf 85' lang='lat' dir='ltr'><strong>ex</strong></span> <span class='ocrx_word' id='word_1_573' title='bbox 516 4473 615 4523; x_wconf 87' lang='lat' dir='ltr'><strong>eoeffloi</strong></span> <span class='ocrx_word' id='word_1_574' title='bbox 622 4475 774 4538; x_wconf 86' lang='lat' dir='ltr'><strong>posseputo.</strong></span> <span class='ocrx_word' id='word_1_575' title='bbox 856 4473 903 4521; x_wconf 73' lang='lat'><strong>492</strong></span> <span class='ocrx_word' id='word_1_576' title='bbox 920 4473 944 4521; x_wconf 76' lang='lat' dir='ltr'>A</span> <span class='ocrx_word' id='word_1_577' title='bbox 966 4479 1002 4525; x_wconf 83' lang='grc' dir='ltr'><strong>καὶ</strong></span> <span class='ocrx_word' id='word_1_578' title='bbox 1018 4475 1192 4539; x_wconf 75' lang='grc' dir='ltr'><em>ἀποπιμπλάναι</em></span> <span class='ocrx_word' id='word_1_579' title='bbox 1207 4475 1270 4529; x_wconf 81' lang='grc' dir='ltr'><strong>-ἡ</strong></span> <span class='ocrx_word' id='word_1_580' title='bbox 1287 4476 1360 4523; x_wconf 78' lang='grc' dir='ltr'><em>ιπιθν-</em></span> 
     </span>
     <span class='ocr_line' id='line_1_55' title="bbox 237 4537 1361 4607; baseline -0.001 -16"><span class='ocrx_word' id='word_1_581' title='bbox 237 4540 349 4591; x_wconf 75' lang='grc' dir='ltr'><em>Ταιιὰοιῐι</em></span> <span class='ocrx_word' id='word_1_582' title='bbox 365 4556 446 4607; x_wconf 84' lang='lat' dir='ltr'><strong>neque</strong></span> <span class='ocrx_word' id='word_1_583' title='bbox 460 4540 535 4592; x_wconf 81' lang='lat' dir='ltr'><strong>verba</strong></span> <span class='ocrx_word' id='word_1_584' title='bbox 552 4537 661 4590; x_wconf 80' lang='lat' dir='ltr'><strong>Oallielis</strong></span> <span class='ocrx_word' id='word_1_585' title='bbox 678 4544 740 4590; x_wconf 79' lang='grc' dir='ltr'><em>Πάνυ</em></span> <span class='ocrx_word' id='word_1_586' title='bbox 749 4557 775 4603; x_wconf 81' lang='grc' dir='ltr'><strong>γι</strong></span> <span class='ocrx_word' id='word_1_587' title='bbox 822 4541 868 4606; x_wconf 81' lang='grc' dir='ltr'><strong>μία</strong></span> <span class='ocrx_word' id='word_1_588' title='bbox 889 4541 1002 4606; x_wconf 66' lang='grc' dir='ltr'><em>γίγνηται]</em></span> <span class='ocrx_word' id='word_1_589' title='bbox 1036 4539 1064 4591; x_wconf 77' lang='lat' dir='ltr'><strong>si</strong></span> <span class='ocrx_word' id='word_1_590' title='bbox 1086 4539 1209 4605; x_wconf 85' lang='lat' dir='ltr'><strong>seriptum</strong></span> <span class='ocrx_word' id='word_1_591' title='bbox 1235 4542 1300 4588; x_wconf 78' lang='lat' dir='ltr'><strong>esset</strong></span> <span class='ocrx_word' id='word_1_592' title='bbox 1323 4542 1361 4590; x_wconf 80' lang='grc' dir='ltr'><em>καί</em></span> 
     </span>
    </p>
   </div>
   <div class='ocr_carea' id='block_1_4' title="bbox 0 0 1524 5122">
    <p class='ocr_par' dir='ltr' id='par_1_7' title="bbox 0 0 1524 5122">
     <span class='ocr_line' id='line_1_56' title="bbox 0 0 1524 5122; baseline 0 1"><span class='ocrx_word' id='word_1_593' title='bbox 0 0 1524 5122; x_wconf 95' lang='lat' dir='ltr'><strong> </strong></span> 
     </span>
    </p>
   </div>
  </div>
 </body>
</html>
