3038 5122
290 319 337 362 ΧΠ
654 292 1055 359 PROLEGOMENA.

223 509 228 517 '
334 504 465 568 Transeo
488 503 526 566 ad
550 524 600 580 ea,
626 523 704 587 quae
724 495 1118 583 dialogorumeditionibus
1134 497 1289 582 praemitti
1304 496 1413 560 solent.

290 613 392 694 Atque
424 609 555 693 primum
587 608 619 671 in
651 606 735 671 brevi
765 611 929 689 conspeetu
962 624 1073 687 ponam
1105 602 1277 687 dialogum:
1303 603 1415 666 deinde

289 722 499 800 argumentum
522 715 587 800 ejus
610 734 774 798 exponere,
800 718 830 774 ct
853 709 986 774 auctoris
1011 709 1109 793 ipsius
1131 715 1162 772 et
1185 708 1299 792 dialogi
1318 708 1415 776 oonsi-

288 821 363 886 lium
396 843 498 885 eruere
529 819 680 884 conabor:
712 816 833 881 taudem
866 837 927 900 quo
955 820 1090 898 tempore
1119 813 1242 891 habitus
1277 815 1415 897 fingatur

288 936 319 991 et
342 949 403 1011 quo
426 927 555 1011 scriptus
578 925 670 989 fuerit
697 923 858 1008 inquiram.

758 1142 951 1157 m

593 1327 783 1394 GORGIAE
818 1326 1095 1393 CONSPECTUS.

331 1546 421 1611 Brevi
450 1548 482 1611 iu
513 1556 678 1632 conspectu
708 1548 864 1634 positurus
896 1547 1051 1633 dialogum
1079 1547 1133 1613 diu
1156 1546 1320 1623 haesitavi,
1347 1567 1409 1631 quo

287 1653 377 1718 modo
407 1653 463 1718 hac
496 1654 528 1718 in
558 1677 590 1718 re
621 1655 760 1718 versarer.
806 1653 998 1719 Recentiores
1028 1654 1108 1717 enim
1140 1675 1239 1717 rerum
1271 1651 1407 1715 ordinem

287 1759 396 1825 clarius
426 1759 549 1845 quidem
577 1770 647 1825 ante
681 1760 785 1825 oculos
814 1782 942 1846 ponere,
967 1759 1020 1825 sed
1043 1758 1164 1827 brevius
1187 1768 1288 1822 tamen
1313 1758 1409 1822 dialo-

287 1888 340 1949 gos
364 1865 532 1931 describere
555 1867 750 1950 inceperunt,
774 1888 865 1950 quam
884 1876 919 1931 ut·
935 1864 1166 1949 argumentandi
1186 1872 1215 1928 et
1231 1862 1411 1948 disputandi

287 1970 364 2035 ratio
396 1980 426 2035 et
456 1973 578 2037 omnino
611 1973 705 2035 totius
737 1971 851 2055 dialogi
881 1978 979 2054 partes
1003 1970 1090 2035 facile
1113 1971 1145 2034 in
1169 1970 1316 2055 ejusmodi
1342 1992 1411 2032 con·

287 2086 393 2162 spectu
416 2079 538 2162 agnosci
561 2085 591 2141 et
614 2078 745 2161 intelligi
771 2078 896 2163 possint.
940 2077 1137 2161 Antiquiores
1162 2077 1252 2159 vulgo
1276 2076 1416 2160 partium

287 2183 514 2267 dispositionem
536 2183 606 2248 ‘fere
639 2184 757 2249 nullam
794 2185 986 2250 indicarunt:
1018 2193 1226 2268 praeterquam
1259 2182 1342 2266 qood
1378 2182 1410 2245 in

158 2302 165 2316 ’
286 2287 394 2353 Latine
425 2288 575 2374 descripta
605 2289 781 2374 hujusmodi
811 2291 1016 2376 disputatione
1047 2288 1143 2354 multa
1169 2288 1296 2353 obscura
1319 2294 1409 2363 sunt,

287 2394 316 2457 vi
340 2394 445 2458 saltem
469 2417 503 2458 ea
527 2402 644 2473 carent,
669 2417 729 2478 qua
752 2395 864 2461 Graece
888 2397 999 2481 scripta
1022 2395 1129 2460 nitent.
1164 2394 1207 2460 Τὸ
1230 2394 1258 2458 a
1284 2390 1410 2470 δὴμέγι-
1448 2424 1449 2427 “

286 2522 352 2564 orca
384 2499 466 2588 reba:
495 2506 610 2564 tantam
636 2501 693 2565 vim
717 2502 799 2587 ipsae
823 2502 955 2566 Graecae
979 2523 1066 2565 voces
1091 2500 1203 2566 habent
1226 2500 1258 2563 in
1281 2498 1413 2562 Socrati·

204 2614 211 2665 ;
287 2628 351 2669 cam
375 2607 666 2688 argumentationem
691 2611 782 2693 atque
805 2608 1060 2692 disputationem,
1085 2615 1121 2670 ut
1143 2629 1295 2691 nusquam
1315 2605 1408 2680 aliae,

287 2723 468 2796 quamquam
499 2713 601 2776 ecdem
635 2713 682 2777 vel
712 2713 773 2777 fere
804 2713 906 2779 eadem
939 2714 1024 2778 notio
1055 2714 1092 2778 iis
1115 2713 1252 2801 subjecta
1275 2713 1331 2789 sit,
1356 2733 1409 2796 pro

287 2816 431 2883 adhibitis
454 2818 560 2903 reponi
583 2818 709 2903 possint.
745 2818 878 2884 Mediam
901 2819 995 2904 igitur
1017 2817 1178 2904 quamdam
1202 2816 1280 2881 viam
1296 2817 1409 2900 ingres·

287 2944 338 2985 sus
372 2922 415 2987 ite
448 2923 602 3007 dialogum
638 2922 768 2989 breviter
795 2923 963 2990 describere
991 2914 1117 2990 conatus
1144 2945 1228 3000 sum,
1258 2929 1291 2989 ut
1318 2921 1410 2985 simul

286 3029 419 3112 partium
448 3028 609 3114 dispositio
637 3030 725 3095 facile
747 3031 881 3115 conspici
905 3038 1022 3114 posset,
1048 3029 1139 3098 simul
1162 3036 1251 3096 acuta
1272 3036 1303 3093 ct
1327 3051 1408 3113 prae-

129 3175 150 3230 '1
287 3133 365 3197 clara
388 3133 534 3217 quaedam
558 3137 690 3200 auctoris
714 3136 795 3202 dicta
818 3137 1031 3222 genuinasque
1053 3137 1085 3200 in
1109 3136 1156 3199 his
1180 3136 1280 3213 color,
1308 3136 1411 3219 impri-

287 3240 342 3302 mis
367 3248 468 3304 autem
490 3241 657 3325 syllogismi
673 3250 703 3306 et
719 3243 842 3308 omniuo
862 3241 1096 3326 argumentandi
1115 3241 1211 3332 ratic,
1230 3241 1329 3326 quoad
1347 3241 1411 3325 ejus

286 3346 349 3408 fieri
372 3347 491 3430 potuit,
516 3347 700 3428 referrentur
723 3356 753 3413 et
774 3354 1032 3413 conservarentur.
1055 3326 1147 3427 ¹Quod
1163 3354 1319 3412 assecutus
1336 3347 1410 3410 mihi

285 3451 389 3515 videor
411 3453 477 3536 ipsa
498 3452 559 3517 fere
583 3453 697 3518 Graeca
721 3453 894 3531 retinendo,
921 3454 1022 3518 omnia
1046 3461 1145 3518 autem
1169 3477 1204 3518 ea
1223 3451 1407 3529 omittendo,

250 3629 253 3635 ¹
286 3561 372 3642 quae'
387 3558 570 3642 philologiae
594 3566 624 3623 ct
646 3559 815 3644 polylogiae
838 3559 1032 3636 dialecticae,
1049 3583 1088 3625 nc
1103 3560 1200 3624 dicam
1216 3559 1406 3634 Platonicae,

286 3663 445 3726 debentur.
482 3662 590 3749 Itaque
615 3687 649 3729 ca
672 3687 794 3750 quoque
817 3667 949 3743 Graeca,
973 3688 1051 3750 quae
1068 3665 1197 3750 singulis
1213 3664 1364 3750 capitibus
1380 3675 1410 3729 et

286 3767 478 3852 paragraphis
512 3770 656 3854 inscripta
690 3771 823 3848 videbis,
858 3794 894 3836 ax
929 3772 994 3856 ipsa
1029 3793 1148 3857 quaque
1179 3771 1293 3854 dialogi
1325 3780 1408 3855 parte

209 3893 211 3896 ·
285 3873 440 3958 depromta
464 3882 544 3939 suut.
580 3874 642 3940 Ubi
664 3885 765 3941 autem
789 3878 938 3961 quaedam
957 3876 1156 3944 occurrebant
1174 3876 1205 3940 iu
1221 3877 1319 3942 media
1335 3900 1408 3961 qua·

285 3978 353 4043 dam
378 3986 461 4064 parte
485 4003 520 4044 cx
544 3981 640 4046 obviis
664 3984 695 4048 in
719 3983 778 4048 alia
801 3984 899 4050 lucem
927 3984 1088 4068 quamdam
1113 3984 1307 4068 accipientia,
1332 3984 1406 4049 hacc

286 4107 342 4148 suo
365 4085 508 4169 quodque
531 4087 597 4152 loco
620 4088 759 4154 indicavi.
796 4089 880 4159 Duas
904 4090 1108 4174 quaestiones,
1133 4111 1316 4173 quamquem
1341 4112 1407 4173 pro·

163 4211 165 4213 ’
285 4191 348 4274 prie
371 4214 388 4255 a
411 4192 550 4275 superius
574 4192 736 4277 disputatis
759 4195 878 4280 sejungi
900 4218 962 4259 non
977 4202 1126 4280 possunt,
1143 4196 1268 4259 seorsim
1284 4195 1407 4284 exhibui

284 4295 330 4379 (in
361 4294 439 4362 Sect.
464 4295 507 4361 II.
541 4296 613 4382 Cap.
639 4298 686 4382 Ι),
717 4299 789 4384 quie
811 4301 934 4365 maximi
957 4300 1101 4364 momenti
1125 4307 1196 4363 sunt
1219 4308 1250 4364 et
1273 4301 1408 4365 Socrates

285 4422 333 4464 eas
367 4408 498 4466 tractans
514 4497 516 4502 .
531 4402 651 4467 initium
681 4404 753 4467 iacit
781 4404 963 4488 syllogismis
987 4427 1072 4469 suam
1094 4404 1285 4489 disciplinam
1309 4406 1408 4470 desen-

284 4505 377 4571 dendi
401 4517 431 4570 ct
454 4507 690 4572 demonstrandi.
715 4509 835 4574 Primus
864 4510 949 4593 errim
967 4510 1160 4594 syllogismus
1176 4510 1208 4574 in
1224 4510 1331 4595 Capl
1354 4515 1405 4596 §2
