3038 5122
269 326 311 390 34
398 347 401 353 ·
588 406 590 411 ,
690 319 970 389 PLATONIS

269 524 407 604 χρωμένῳ
430 532 468 605 τῇ
491 528 633 605 ρητορικῇ;
657 525 750 604 ἐρρήθη
773 531 890 607 ταῦτα,
915 525 931 599 ἢ
954 523 1004 601 σύγ
1028 561 1072 572 -
1094 533 1179 590 ΓΟΡ.
1203 525 1336 617 Ἐρρνίθη.Ι
1360 560 1406 571 -—

270 639 342 695 ΣΩ.
369 636 432 695 Νῦν
457 631 486 694 δέ
509 632 541 706 γ’
565 630 578 693 ί
603 629 690 700 αὐτὸς
715 626 794 702 οὗτος
816 631 972 712 Φαίνεται,
996 630 1009 694 ν’
1033 631 1186 709 ῥητορικὸς,
1208 632 1259 695 οὐκ
1277 630 1317 694 ίιν
1336 631 1442 695 ποπἘ

271 736 421 808 οίδικιίσας.
445 735 461 810 ἢ
487 735 536 812 ού;
562 771 606 783 ——
629 745 714 800 ΓΟΡ.
739 738 885 799 Φαίνεται.
910 773 953 783 -
976 743 1048 798 ΣΩ.
1072 735 1128 799 Καί
1151 737 1179 799 έν
1200 742 1259 806 τοῖς
1281 736 1406 815 πρώτοις

271 842 327 922 γἐ,
362 837 382 904 ὦ
407 842 532 918 Γοργία,
557 839 654 917 λόγοις
675 841 812 920 ἐλέγετο,
835 839 877 905 δἐι
903 842 919 915 η
942 842 1067 920 ῥητορικθ
1089 841 1151 919 περί
1174 840 1278 917 λόγους
1304 839 1347 914 είη
1372 842 1407 904 ού

269 947 336 1017 τοὺς
360 951 411 1010 τού
435 946 532 1025 οίρτίυυ
558 946 607 1009 καί
631 952 780 1026 περιττοῦ,
804 946 887 1010 οίλλύι
910 946 975 1017 τοὺς
998 951 1048 1009 τοῦ
1068 945 1174 1009 δικαίου
1190 945 1239 1010 καί
1252 947 1363 1012 οίδίκου.
1388 943 1407 1020 ἦ

268 1051 345 1132 γύρ;
370 1090 413 1098 -
437 1061 523 1116 ΓΟΡ.
548 1051 619 1115 Ναί.
645 1088 688 1099 —
711 1060 784 1115 ΣΩ.
809 1052 887 1127 Ἐγὼ
910 1053 1000 1115 τοίνυν
1023 1057 1073 1115 σού
1096 1049 1162 1114 τθτε
1181 1056 1281 1115 ταῦτα
1299 1050 1404 1126 λέγον·

269 1180 316 1228 τος
342 1156 511 1232 ὑπέλαβον,
538 1158 574 1226 ὥς
597 1155 725 1220 οὐδέποτ’
748 1154 784 1220 ύιν
806 1155 847 1229 είη
872 1158 889 1231 ἦ
911 1157 1036 1235 ῥητορικὴ
1059 1153 1153 1219 ἄδικον
1175 1160 1323 1237 πρᾶγμα,
1341 1155 1360 1219 ἶν’
1372 1156 1407 1232 γ’

268 1262 313 1325 uisi
347 1263 409 1342 περί
432 1261 608 1335 δικαιοσύνης
631 1260 697 1331 τοὺς
721 1260 824 1337 λόγους
851 1268 985 1325 ποιεῖται·
1008 1261 1103 1335 ἐπειδη
1127 1261 1151 1324 δ’
1168 1259 1264 1336 ὀλίγον
1287 1257 1407 1352 ύστερον

267 1366 386 1442 ἔλεγες,
411 1365 452 1431 ύτι
476 1367 489 1431 ὃ
512 1367 599 1446 ῥητωρ
621 1374 658 1446 τῇ
682 1369 808 1446 ῥητορικῇ
829 1365 883 1430 κύον
902 1366 1004 1437 οίδίκως
1026 1368 1139 1445 χρῷτο,
1160 1363 1472 1441 ούτωθαυμοίσας461

267 1471 316 1536 καί
341 1471 523 1549 ἡγησάμενος
547 1472 578 1535 ού
598 1471 725 1552 συνᾴδειν
747 1471 787 1535 ταὶ
806 1469 955 1547 λεγθμενα
975 1471 1093 1541 ἐκείνους
1110 1467 1264 1541 είπονποὺς
1276 1468 1404 1551 λύγους,

267 1575 326 1652 ύσι,
359 1578 383 1642 εί
414 1577 467 1652 μὲν
500 1574 591 1655 κέρδος
626 1578 706 1653 ἡγοῖο
734 1571 807 1639 εἶναι
830 1576 863 1640 τὸ
886 1575 1082 1655 ἐλέγχεσθαι,
1107 1574 1199 1655 ίίσπερ
1222 1575 1297 1651 ἐγὼ,
1324 1573 1407 1651 οίξισν

252 1681 329 1766 ¹lein)
363 1680 404 1757 εἴη
436 1681 640 1756 διαλέγεσθαι,
670 1680 746 1744 τίδὲ
769 1682 828 1764 μη,
852 1682 903 1744 ε’ἵιν
925 1682 1049 1760 χαίρειν.
1070 1677 1182 1761 ύστερον
1200 1679 1225 1742 δ’
1242 1682 1321 1756 ἡμῶν
1341 1682 1406 1753 έπι·

266 1787 482 1864 σκοπουμένων,
507 1780 573 1868 ύρρῖς
596 1784 629 1859 δη
653 1785 702 1848 καὶ
727 1787 832 1861 αὐτὸς,
857 1782 898 1848 ύτι
921 1781 959 1848 αύ
983 1787 1168 1862 ὁμολογεῖται
1192 1786 1240 1849 τὸν
1263 1786 1406 1866 ῥητορικὸν

268 1893 408 1959 οίδύνατυν
432 1888 504 1972 εἶναι
527 1891 631 1961 ύδίκως
653 1891 778 1970 χρῆσθαι
798 1899 834 1969 πη
855 1893 981 1970 ῥητορικῇ
1001 1888 1050 1954 καί
1070 1891 1175 1954 ἐθέλειν
1186 1889 1302 1956 ἀδικεῖν.
1316 1895 1406 1955 ταῦτ’

266 1994 312 2063 οὖν
343 1996 398 2079 δ’πη
421 1999 487 2060 ποτ’
512 1996 594 2074 ἔχει,
619 1993 665 2071 μύι
688 1994 737 2059 τὸν
760 1994 848 2072 κύνα,
875 1991 895 2058 ὦ
919 1996 1034 2074 Γοργία.
1058 1996 1108 2059 ούκ
1130 1994 1229 2071 θλίγης
1253 1996 1438 2076 συνουσίαςΒ

215 2091 221 2099 “
269 2103 363 2182 ἐστίν,
387 2100 451 2166 ὥσθ’
475 2103 577 2171 ἱκανῶς
601 2099 821 2179 διασκέψασθαι.
859 2145 863 2154 ,

312 2206 396 2272 XVI.
429 2215 534 2271 ΠΩΛ.
568 2205 609 2269 Τί
633 2204 699 2280 δαί,
728 2200 747 2267 ὦ
772 2205 944 2284 Σύκραπες;
967 2202 1039 2268 οὕτω
1062 2203 1110 2267 καί
1136 2205 1171 2269 σύ
1195 2203 1334 2285 περὶτῆς
1358 2208 1406 2284 ῥη-

268 2321 377 2390 τορικῆς
409 2310 552 2390 δοξάζεις,
587 2309 680 2389 ύσπερ
712 2316 759 2374 νῦν
789 2310 903 2391 λέγεις;
932 2310 948 2385 ἢ
972 2308 1038 2386 υίει,
1062 2307 1104 2373 ὅτι
1126 2309 1249 2387 Γοργίας
1272 2309 1405 2390 ᾐσχύνθη

219 2404 225 2424 ’
268 2440 309 2480 σοι
334 2418 375 2492 μη
397 2423 650 2495 προσομολογῆσαι
677 2414 725 2478 τὸν
748 2415 884 2496 ῥητορικὸν
908 2412 997 2494 οίνδρα
1020 2416 1062 2492 μη
1085 2413 1152 2493 ούχδ
1175 2413 1224 2477 καί
1244 2415 1285 2478 τοὶ
1305 2413 1406 2476 δίκαια

269 2521 369 2585 εἰδέναι
401 2519 449 2583 καί
480 2520 519 2583 τα
545 2520 627 2584 καλίι
653 2521 704 2585 καί
730 2521 871 2596 τοίγαθθι,
894 2518 948 2584 κύον
972 2521 1013 2598 μη
1039 2518 1105 2600 έλθη
1127 2521 1212 2585 ταῦτ’
1234 2518 1311 2590 είδὼς
1335 2522 1406 2600 παρ’

245 2625 373 2703 αὐτὸν,
398 2626 485 2695 αὐτὸς
508 2623 647 2700 διδοίξειν,
673 2623 764 2689 ἔπειτ’
792 2626 824 2689 ἔκ
849 2626 959 2699 ταύτης
982 2623 1049 2696 ίσως
1073 2633 1126 2698 τῆς
1145 2624 1303 2701 ὁμολογίας
1324 2625 1405 2688 ἕναν-

269 2732 327 2795 πίον
358 2756 386 2795 τι
419 2729 524 2808 συνέβη
548 2733 576 2793 ἐν
600 2737 659 2802 τοῖς
682 2733 802 2807 λόγους
826 2733 901 2795 τοῦθ’
925 2726 939 2793 ὃ
962 2729 994 2803 δη
1017 2730 1143 2812 οίγαπᾷς
1167 2729 1253 2800 αὐτὸς
1276 2730 1437 2806 οὶγαγύνΟ

303 2881 347 2929 461
368 2881 644 2946 Δοίμὲυ-ἡγοῐο-,
658 2882 806 2943 οίξιονιῖηδ.]
860 2884 946 2946 μέλλων
970 2885 1112 2944 μαθήσεσθαι
1137 2887 1176 2938 τὴν
1196 2882 1219 2943 d.
1238 2894 1289 2928 non
1306 2879 1406 2928 venerit
1450 2899 1453 2903 ·

269 2947 322 2996 Alii
345 2947 487 2996 desiderant
512 2953 539 2998 ἂν
561 2951 619 2995 ante
643 2951 692 3011 εἴη,
716 2947 773 3004 alii,
791 2946 812 2994 si
860 2947 893 2995 od
913 2951 952 2998 τθν
973 2950 1095 3014 ῥητορικῆς
1112 2947 1256 3008 διδάσκαλον,
1274 2945 1405 3008 quomodo

174 3051 177 3057 .
268 3013 377 3071 adesset,
394 3012 511 3062 delerent.
528 3011 639 3076 Utrique
648 3011 813 3075 undecunque
860 3012 903 3061 hic
927 3011 998 3061 illum
1024 3012 1161 3076 quidquam
1184 3010 1279 3076 poterit
1296 3011 1404 3060 docere?

271 3079 393 3142 colligunt
401 3078 477 3136 locos,
486 3078 579 3141 quibus
586 3078 812 3126 sententiumsusm
862 3077 889 3127 si
905 3077 983 3140 igitur
999 3077 1062 3141 quid
1077 3079 1180 3134 odoror,
1193 3076 1256 3125 ordo
1267 3077 1403 3125 verborum

288 3145 384 3193 rubent.
416 3144 450 3192 In
472 3145 585 3208 proximo
607 3143 810 3207 praecedentibus
860 3143 976 3192 turbatus
998 3148 1044 3192 est.
1075 3143 1192 3207 Requirit
1214 3142 1281 3191 enim
1297 3142 1404 3208 partiei-

270 3160 311 3258 iis
328 3214 419 3266 ἐκείνους
436 3209 497 3260 εἶπον
511 3213 562 3266 τοὺς
577 3213 664 3272 λόγους,
682 3213 730 3272 δτι,
743 3212 813 3273 elfsii
859 3209 930 3274 pium
948 3208 1097 3274 particulam
1114 3208 1220 3272 negandi
1236 3217 1277 3273 μή.
1310 3207 1405 3272 Itaque

271 3277 347 3343 κέρδος
364 3279 411 3326 ατί.
430 3276 522 3323 diserte
538 3290 564 3322 se
581 3274 644 3322 dicit
660 3275 714 3339 ipse
725 3274 811 3322 Socra·
861 3280 995 3339 transpone
1010 3275 1084 3324 verba
1100 3275 1169 3323 hune
1184 3274 1212 3322 in
1228 3273 1345 3322 modum:
1363 3280 1406 3326 κᾶν

270 3344 308 3388 tes
324 3341 486 3406 paucioribus
502 3344 612 3403 repetere
629 3355 643 3386 a
660 3339 812 3403 sedicta(in
860 3347 894 3404 μὴ
911 3341 973 3398 ellus
988 3341 1056 3392 ταῦτ’
1072 3344 1124 3408 ἔλθῃ
1141 3339 1198 3408 παρ’
1213 3342 1280 3392 αὑτὸν
1301 3338 1359 3389 Le.
1377 3343 1405 3388 οί

271 3407 338 3469 458).
356 3404 447 3453 Utitur
463 3409 546 3454 eutem
563 3404 618 3453 aliis
635 3404 716 3452 verbis
726 3404 752 3453 in
765 3408 811 3453 458
861 3405 884 3453 si
901 3405 1021 3466 θραονσαυ
1035 3407 1096 3455 haee
1107 3405 1203 3454 venerit
1214 3407 1249 3453 od
1260 3420 1322 3454 ουτοι.
1341 3404 1404 3454 Gee-

269 3477 295 3520 et
311 3471 349 3519 bis
366 3471 416 3519 fere
433 3472 499 3520 idem
517 3470 593 3518 dicit:
614 3470 725 3533 primum
742 3471 770 3518 in
786 3471 810 3518 A
859 3474 941 3519 terum
957 3486 1109 3536 quemquam
1119 3472 1172 3520 .hic
1187 3471 1258 3520 loeus
1274 3469 1340 3518 male
1356 3469 1404 3520 hs·

270 3537 319 3586 eie:
343 3542 363 3588 εἰ
385 3540 427 3601 μέν
448 3538 473 3587 σύ
491 3537 512 3586 εί
527 3547 569 3586 τῶν
584 3541 719 3602 ἀνθρώπων,
738 3537 812 3604 ὦνπερ
859 3536 928 3586 bitus
944 3544 996 3596 est,
1013 3537 1073 3586 haec
1090 3543 1173 3586 tamen
1184 3536 1307 3586 sententia
1319 3524 1405 3585 e‘Poli

269 3609 345 3668 κάγὼ,
363 3605 431 3660 ἡδέως
449 3608 476 3653 οίν
493 3623 518 3652 σε
534 3603 674 3670 dispersim,
692 3606 712 3652 εί
728 3603 752 3652 δέ
763 3611 809 3667 μὴ,
859 3603 940 3651 verbis
968 3603 1057 3652 confici
1085 3608 1183 3668 potest:
1214 3601 1327 3663 Θοεζούσε
1352 3617 1405 3650 nese

269 3675 323 3736 ίῳην
340 3675 380 3719 ets:
398 3669 488 3716 deinde
504 3667 532 3715 in
548 3667 648 3715 Bidem
659 3666 759 3716 brevius
770 3668 811 3715 his
860 3668 964 3717 debehat
991 3670 1123 3718 concedere
1152 3667 1248 3718 Socrati
1272 3666 1404 3716 rhetorem

267 3740 287 3785 ιί
304 3740 346 3799 μὲν
361 3735 397 3785 οὖν
414 3739 450 3784 καὶ
468 3737 494 3784 σὺ
510 3740 551 3800 φὴς
564 3739 662 3790 τοιοῦτος
674 3735 743 3798 εἶναι,
757 3735 807 3785 δια·
860 3749 1005 3797 cognoscem
1016 3735 1103 3783 debere
1114 3741 1140 3783 et
1147 3736 1218 3799 Justa
1226 3738 1251 3782 et
1258 3733 1367 3798 pulchra
1377 3738 1405 3782 et

267 3803 387 3865 λεγώμεθα
406 3803 453 3851 ντί.
486 3799 513 3847 Si
529 3798 607 3862 igitur
623 3799 648 3846 in
667 3801 713 3847 461
731 3800 807 3864 respi·
854 3799 933 3860 bona,
950 3817 1025 3865 seque
1040 3816 1068 3848 ea
1084 3801 1219 3849 docturum
1235 3815 1306 3856 aum,
1324 3814 1404 3862 quem

267 3867 370 3915 ciuntur
385 3866 470 3930 priore
486 3881 515 3913 ex
531 3868 577 3913 458
590 3864 627 3921 Α,
640 3865 752 3914 vicetiam
763 3865 805 3913 ud·
837 3871 840 3877 '
854 3865 978 3915 rhetorem
992 3866 1136 3915 redditurus
1152 3866 1197 3923 sit,
1213 3879 1293 3928 neque
1311 3863 1404 3913 Socra·

266 3932 300 3979 sit
317 3931 344 3979 in
361 3932 473 3979 oratione
489 3930 590 3993 obliqua
606 3945 704 3979 necesse
720 3933 772 3979 est':
784 3931 805 3979 si
854 3935 891 3980 tes
913 3933 973 3981 talia
994 3948 1110 3995 quaerere
1133 3932 1252 3980 debebat.
1273 3929 1405 3979 rhetorice

266 4012 323 4045 vero
340 3997 479 4062 posteriora
494 3996 676 4060 respiciuntur,
699 4002 726 4047 ἂν
741 3996 806 4045 illud
856 3999 921 4045 enim
945 3997 1011 4046 nihil
1036 4013 1167 4046 commune
1183 3997 1258 4047 habet
1275 4011 1335 4044 cum
1353 3995 1402 4044 iis:

265 4079 345 4126 neque
354 4064 380 4111 in
391 4063 502 4111 oratione
514 4062 614 4124 obliqua
623 4061 707 4110 adesse
715 4068 806 4127 potest.
856 4079 914 4111 nam
931 4064 1027 4127 quivis,
1046 4063 1119 4111 etiam
1137 4064 1182 4126 qui
1193 4078 1245 4111 non
1256 4062 1291 4111 sit
1301 4061 1403 4120 rhetor,

265 4128 354 4188 Quum
371 4129 449 4191 igitur
465 4142 537 4175 nemo
554 4127 697 4176 mortalium
711 4135 808 4192 praeter
855 4129 939 4177 eadem
948 4134 1048 4191 rogetus
1056 4128 1129 4177 facile
1136 4129 1257 4178 concedit.
1266 4156 1298 4164 -
1309 4127 1402 4177 Socra·

264 4194 350 4258 ipsum
367 4201 493 4243 auctorem
506 4192 622 4242 dirimere
632 4193 713 4256 possit
723 4193 808 4258 priora
855 4198 892 4242 tes
905 4195 982 4257 igitur
990 4194 1055 4243 nihil
1066 4193 1173 4260 profecit
1199 4193 1314 4244 osteriori
1323 4208 1403 4255 ergu-

264 4259 292 4308 in
310 4259 806 4324 458AanposterioraintbssBrespi·
855 4260 1022 4319 mentatione,
1040 4261 1083 4309 sed
1099 4276 1162 4324 quae
1218 4257 1404 4324 rgiasderhe·

264 4327 375 4384 ciuntur,
392 4326 487 4375 utravis
504 4324 610 4373 lectione
627 4325 738 4373 contenti
754 4341 806 4374 esse
854 4325 932 4374 lorica
950 4326 1014 4374 dixit
1028 4326 1123 4392 optime
1135 4327 1238 4375 interae
1248 4324 1401 4375 concinunt.

263 4392 383 4454 cogimur.
597 4438 601 4445 ,
854 4389 921 4440 Vide
931 4400 964 4457 μὴ
976 4392 1051 4441 etium
1062 4392 1277 4454 transponendum
1288 4390 1317 4439 in
1330 4390 1400 4440 crit.

295 4485 329 4493 ·-
345 4458 368 4505 B
389 4465 429 4510 κᾶν
451 4465 484 4522 μὴ
503 4461 556 4524 ἔλθῃ
572 4455 638 4509 ταῦτ’
655 4459 729 4519 είδὼς]
761 4457 804 4505 In·
854 4459 883 4507 47
902 4457 926 4506 D
943 4466 977 4524 μὴ
992 4469 1022 4528 τῇ
1038 4469 1082 4510 τῶν
1095 4464 1220 4509 ἐπαϊόντων.
1232 4462 1401 4527 ροούτῇτῆιν.

262 4523 425 4586 telligendum
443 4524 474 4572 ad
492 4527 544 4592 ι’λθρ
560 4537 590 4570 ex
608 4527 655 4573 458
672 4523 702 4571 Β.
721 4526 803 4587 ὁμοί·
885 4549 917 4560 -
934 4526 955 4574 0
972 4527 1020 4586 ὃδὴ
1030 4532 1126 4588 ἀγαπᾷς
1137 4528 1204 4581 αὐτὸς
1213 4524 1316 4591 αγαγὼν]
1342 4522 1400 4588 Op-

261 4592 303 4640 λων
318 4595 461 4655 μαθήσεσθαι
476 4600 516 4650 τὴν
530 4593 659 4657 ῥητορικήν.
682 4589 731 4639 Sed
749 4589 771 4638 ei
791 4596 803 4641 θ
851 4587 914 4639 timo
929 4590 1036 4642 lectione
1053 4597 1114 4656 οἴησιν
1129 4595 1214 4657 spreto
1227 4589 1337 4656 plurimi
1354 4603 1401 4639 ⁰0·
