3038 5122
229 321 306 366 xxvi
596 296 1007 364 Paonneouurta

231 526 332 569 sarum
366 525 467 569 rerum
498 502 671 588 copulatio,
702 523 781 587 qnae
809 501 921 587 passim
945 501 993 565 vel
1015 501 1207 566 auditoribus
1230 523 1309 565 nova
1334 523 1372 566 ao

231 612 415 698 necopinata
437 619 501 687 est,
526 617 647 674 utnon
670 608 842 674 mirandum
864 608 919 684 sit,
943 608 1125 692 interpretes
1147 607 1281 672 multum
1305 607 1373 673 dis·

232 738 354 801 crepare
385 717 423 780 de
454 715 582 793 multia,
613 715 706 779 etiarn
736 715 775 778 de
799 715 940 778 themate.
986 713 1046 778 Res
1070 716 1169 800 ipsae,
1195 714 1373 799 dequibus

231 823 425 907 quaestiones
456 822 683 897 instituuntur,
717 841 780 886 nou
812 826 885 884 sunt
912 818 1078 898 obscurae,
1103 821 1156 885 sed
1179 831 1283 885 tamen
1308 844 1374 885 scr·

232 949 353 992 monem
369 927 504 1012 legentes
520 949 608 1011 saepe
624 925 789 991 subsistere
805 927 949 1010 ultroque
965 949 1109 1012 quaerere
1125 929 1274 1011 cogimur,
1293 949 1373 1011 quo·

233 1035 324 1099 modo
355 1035 457 1098 omnia
488 1034 569 1097 inter
599 1055 630 1096 se
662 1032 860 1112 cohaereant,
893 1054 953 1116 quo
977 1033 1098 1117 singula
1121 1033 1266 1109 tendant,
1294 1054 1373 1116 quae
1402 1021 1403 1025 ¹

232 1139 357 1205 tandem
387 1141 520 1225 primum
547 1139 650 1204 locum
672 1140 850 1236 attineant,
874 1138 942 1203 aliis
966 1138 1065 1203 verbis
1089 1147 1124 1203 ut
1148 1140 1267 1216 dicam,
1293 1161 1373 1223 quae

154 1244 157 1250 ’
232 1248 273 1312 τὰ
296 1245 377 1322 μέσα
400 1253 430 1310 et
452 1248 494 1310 rol
516 1243 593 1327 ἄκρα
615 1244 730 1331 dialogi
753 1246 831 1322 siut,
854 1252 883 1309 ct
900 1245 975 1329 quid
992 1247 1115 1311 tandem
1132 1246 1164 1310 id
1180 1247 1239 1323 sit,
1257 1247 1373 1310 circum

233 1351 317 1437 quod
348 1358 496 1437 tanquam
521 1373 607 1415 axem
631 1373 737 1415 omnes
760 1351 978 1437 disputationis
1004 1360 1105 1436 partes
1128 1375 1159 1415 se
1183 1359 1372 1416 convertant.

232 1457 274 1522 Et
295 1457 403 1541 quidni
419 1457 547 1534 faterer,
564 1479 613 1520 me
630 1462 746 1521 certum
763 1456 917 1541 quoddam
932 1457 1036 1522 thema
1050 1466 1270 1542 aucupantem,
1288 1458 1372 1540 quod

233 1564 400 1648 generatim
418 1563 541 1646 quidem
559 1563 611 1627 sed
628 1571 729 1628 tamen
746 1562 838 1627 simul
854 1564 1037 1628 nominatim
1053 1586 1201 1628 summam
1214 1563 1371 1644 omnium,

232 1691 311 1754 qnae
335 1670 367 1733 iu
390 1669 450 1734 boc
472 1668 596 1754 dialogo
620 1668 837 1754 disputantur,
861 1669 1046 1754 significaret
1066 1677 1096 1734 et
1113 1669 1298 1746 declararet,
1315 1669 1373 1733 diu

232 1775 345 1841 frustra
375 1775 518 1856 sudasse,
549 1774 647 1839 donec
670 1776 703 1839 in
726 1774 911 1867 syllogismis
935 1775 1052 1839 indices
1075 1774 1275 1860 agnoscebam
1299 1775 1372 1839 sim-

232 1880 393 1967 plicissimi
425 1887 457 1945 et
486 1880 657 1966 plenissimi
681 1881 843 1958 thematis,
868 1882 935 1957 cui,
961 1889 1060 1945 totum
1083 1882 1241 1968 dialogum
1265 1880 1373 1944 dedita

232 2009 324 2074 opera
346 1994 451 2073 postea
473 1986 575 2051 denuo
599 1996 811 2071 perscrutans,
835 2008 939 2051 omnes
960 1990 1025 2072 ejus
1047 1998 1147 2073 partes
1164 1987 1283 2074 egregie
1300 2008 1372 2050 con·

232 2095 336 2159 venire
367 2102 398 2158 et
421 2092 581 2176 suffragari
604 2092 835 2176 comperiebam.
877 2092 945 2156 Hoc
969 2093 1065 2178 igitur
1085 2094 1196 2158 referre
1219 2091 1370 2170 conabor,

231 2200 285 2267 sed
313 2220 397 2265 nunc
432 2199 538 2263 ordine
573 2198 694 2262 inverso
725 2198 857 2283 primum
881 2199 923 2261 ita
948 2220 1112 2282 persequar
1134 2200 1307 2283 dialogum,
1333 2205 1370 2264 ut

231 2307 296 2392 ejus
320 2306 424 2369 thema
446 2327 501 2391 per
524 2326 556 2369 se
580 2305 666 2389 quasi
690 2304 833 2388 prodeat,
857 2303 967 2368 deiude
991 2327 1083 2389 quarn
1103 2306 1177 2369 certi
1193 2305 1286 2370 duces
1302 2306 1365 2369 siut

229 2412 400 2498 syllogismi
424 2409 462 2474 ad
486 2409 517 2473 id
541 2410 760 2475 inveniendum
783 2410 951 2476 ostendam.

275 2517 323 2582 Ex
350 2514 604 2601 inscriptionibus
629 2516 822 2601 singulorum
846 2517 980 2600 capitum
1004 2516 1086 2598 (vide
1109 2515 1231 2581 brevem
1256 2517 1371 2604 dialogi

230 2627 442 2708 conspectum)
466 2620 612 2687 facillima
634 2645 726 2709 opera
748 2622 924 2707 colligitur,
941 2623 1131 2707 conjunctim
1148 2623 1371 2689 consideranda

230 2753 295 2795 esse
326 2730 435 2816 capitis
466 2729 493 2794 Ι.
526 2727 605 2793 Sect.
639 2728 665 2792 I.
696 2730 714 2813 b
789 2738 819 2794 et
853 2733 872 2793 3
898 2735 928 2794 et
958 2728 1033 2813 Gap.
1057 2729 1093 2793 ΙΙ
1116 2736 1146 2793 et
1169 2729 1226 2797 IV.
1250 2730 1305 2795 ubi
1328 2729 1367 2795 de

229 2835 437 2922 sophistarum
468 2834 619 2900 rhetorica
642 2835 761 2918 agitur:
790 2842 856 2899 tum
881 2835 970 2900 etiam
995 2836 1209 2922 conjungenda
1233 2858 1297 2900 esse
1320 2857 1369 2900 ca·

228 2943 302 3029 pitis
326 2941 352 3006 I.
383 2941 463 3006 Sect.
488 2941 514 3004 Ι.
538 2943 555 3026 q
579 2943 597 3003 2
624 2951 654 3004 et
677 2941 756 3005 Seot.
782 2939 816 3005 ΙΙ
840 2949 871 3005 ct
894 2939 969 3028 Cap.
993 2941 1075 3018 III.,
1099 2943 1132 3006 iu
1160 2941 1274 3025 quibus
1298 2963 1369 3007 vera

230 3048 383 3114 rhetorica
405 3055 563 3112 tractatur.
606 3046 644 3112 In
667 3047 787 3130 reliqua
810 3046 924 3133 dialogi
948 3053 1032 3130 parte
1056 3048 1142 3112 nulla
1165 3048 1297 3132 amplius
1321 3054 1368 3112 est

230 3153 453 3238 argumentatio
485 3152 674 3238 syllogistica
705 3153 757 3217 sed
787 3175 838 3231 ea,
863 3174 940 3236 quae
964 3154 1106 3239 superius
1129 3153 1314 3258 syllogismis
1338 3160 1370 3219 et

229 3259 438 3345 disputatione
462 3258 568 3323 effecta
591 3266 681 3336 suut,
709 3269 745 3323 ut
769 3259 898 3344 probata
921 3267 952 3323 et
968 3267 1050 3324 certa
1064 3268 1237 3325 sumuntur.
1261 3259 1368 3338 Quum

228 3372 330 3430 autem
355 3365 462 3449 capitis
486 3364 513 3429 Ι.
537 3363 618 3429 Sect.
642 3365 669 3429 Ι.
692 3367 711 3450 q
734 3370 763 3430 1.
787 3365 1048 3431 introductionem
1072 3367 1237 3450 quamdam
1258 3368 1290 3430 in
1306 3365 1370 3430 dia·

227 3471 332 3556 logum
357 3472 530 3548 contineat,
556 3472 689 3558 primurn
713 3471 752 3536 de
775 3473 847 3550 hac,
874 3471 986 3535 deinde
1009 3472 1046 3536 de
1070 3472 1275 3558 sophistarum
1298 3471 1369 3536 rhe-

226 3579 324 3644 torica
345 3588 376 3643 et
399 3578 489 3641 tertio
513 3576 551 3641 de
575 3601 645 3641 vera
673 3577 826 3643 rhetorica
848 3576 1029 3642 videbimus.

271 3683 311 3751 In
334 3682 409 3768 Cap.
432 3682 458 3748 I.
481 3682 561 3747 Sect.
584 3683 611 3749 I.
635 3685 699 3768 bl.
732 3683 863 3768 Gorgias
886 3683 991 3749 rhetor
1014 3693 1109 3749 artem
1125 3706 1210 3749 suam
1228 3683 1368 3768 aperiens

227 3798 258 3856 et
286 3789 452 3867 definiens,
485 3787 609 3855 Socrate
641 3812 761 3876 semper
784 3790 931 3855 sermonis
955 3790 1050 3867 duce,
1075 3791 1174 3874 tangit
1197 3789 1366 3867 nonnulla,

226 3918 305 3982 qnae
328 3895 367 3960 ad
391 3917 426 3960 ea
449 3896 604 3980 pertinent
627 3895 664 3960 de
688 3896 802 3981 quibus
824 3897 904 3961 infra
927 3897 1121 3980 quaestiones
1141 3896 1365 3972 instituuntur,

225 4025 271 4068 ex.
294 4024 337 4087 gr.
361 4003 482 4066 innon
505 4000 539 4067 rb
562 3999 666 4083 ἄρχειν
688 4025 756 4067 cum
781 4024 900 4067 summa
924 4003 953 4067 vi
975 4024 1009 4067 ac
1033 4008 1182 4086 potestate
1199 4001 1231 4065 in
1247 4023 1368 4086 rempu-

225 4109 355 4186 blicam,
380 4108 413 4172 τὸ
436 4108 681 4186 planitiarum
705 4110 886 4192 (seeundum
909 4110 943 4174 τὸ
965 4108 1047 4174 κατὰ
1069 4107 1159 4190 Φύσιν
1181 4107 1303 4184 δίκαιον,
1328 4108 1367 4172 de

226 4238 287 4302 quo
319 4215 388 4279 vide
419 4214 529 4299 inira),
561 4215 594 4280 in
622 4218 688 4280 454
720 4224 751 4280 et
782 4220 847 4280 459
872 4215 1031 4279 scientiam
1054 4220 1105 4280 τοῦ
1128 4215 1236 4279 δικαίου
1261 4222 1291 4278 et
1314 4219 1366 4280 τοῦ

224 4322 323 4387 ἀδίκου
347 4328 420 4398 eto,
444 4321 476 4385 in
500 4323 565 4385 456
590 4328 620 4386 et
643 4325 706 4389 457
732 4322 846 4388 ἀδικίαν
865 4321 1087 4406 discipulorum
1104 4320 1142 4383 de
1158 4341 1220 4404 qua
1235 4342 1367 4405 querun-

224 4435 277 4493 tur
299 4426 453 4504 rhetores,
477 4426 547 4491 alia.
583 4427 693 4513 Itaque
716 4436 762 4493 est
784 4429 834 4493 hic
858 4426 1008 4512 quaedam
1032 4426 1221 4491 introductio
1246 4426 1278 4489 in
1303 4425 1368 4489 dia·

226 4534 343 4618 logum.
378 4532 467 4613 Quae
490 4540 592 4600 autem
615 4535 734 4620 reliqua
757 4534 809 4600 hic
831 4532 869 4599 de
889 4533 1020 4619 Gorgiae
1041 4532 1191 4598 rhetorica
1207 4531 1365 4617 leguntur,
