3038 5122
258 323 278 368 x
622 299 1021 368 PROLEGOMENA.

258 507 355 571 tiones
387 506 619 584 confirmentur,
648 526 743 591 quum
774 526 811 568 ex
837 505 881 569 sic
902 505 1059 590 dispositis
1081 527 1134 591 per
1156 529 1188 571 sc
1211 507 1378 592 prodeant,

257 614 350 676 satius
377 623 476 676 tamen
514 612 587 676 duxi
622 611 901 695 interpretationem
933 611 1095 695 quamdam
1125 611 1250 691 addere,
1282 636 1379 697 quan-

256 718 419 802 doquidem
444 718 489 782 vel
512 717 718 802 copiosissime
742 717 878 800 exposita
899 717 931 780 in
955 717 1051 802 primo
1072 718 1164 802 hujus
1181 718 1297 783 critices
1314 742 1379 805 spe·

256 826 380 901 cimina,
404 823 485 908 quod
510 846 589 888 anno
616 826 707 887 1862,
724 823 823 902 edidi,
843 824 1032 889 anonnullis
1044 846 1105 888 non
1117 825 1376 910 intelligebantur.

256 931 350 1017 Cujus
384 932 428 996 rei
461 930 635 994 testimonio
668 937 713 993 est
744 930 783 1001 εἷς
815 932 863 996 τὸν
894 930 939 994 olel
966 930 1065 1010 χρόνον
1089 944 1320 997 monumentum
1344 936 1377 998 in

255 1036 357 1100 diariis
380 1036 491 1100 nostris
514 1035 649 1120 ejusdem
671 1034 743 1098 anui
766 1057 869 1098 revera
892 1037 1148 1120 θαυμασιώτατον,
1172 1039 1284 1123 quippe
1305 1039 1380 1104 refe·

254 1165 322 1206 rens
346 1142 474 1226 speciem
497 1140 658 1226 quamdam
678 1140 789 1226 judicii
811 1139 848 1203 da
871 1139 925 1203 illo
949 1142 1111 1226 specimine
1135 1163 1204 1208 cum
1228 1145 1378 1229 improba·

255 1249 338 1313 tione
360 1248 398 1311 ab
422 1248 488 1332 ipso
512 1246 728 1332 pseudojudice
752 1246 911 1311 manifesto
935 1269 996 1311 non
1012 1249 1245 1314 intellectorum.
1280 1251 1378 1315 Uber·

254 1362 348 1418 tatem
372 1363 473 1417 autem
498 1376 561 1417 eam
586 1353 808 1437 quodammodo
824 1374 1032 1439 compensasse
1048 1378 1096 1419 me
1111 1365 1196 1440 puto.
1221 1355 1376 1422 Nimirum

156 1519 159 1526 .
256 1460 313 1523 viri
343 1459 424 1523 docti
459 1466 572 1522 textum
601 1458 788 1523 illustrantes
819 1468 912 1542 atque
941 1460 1134 1525 emendantes
1158 1462 1249 1545 vulgo
1273 1464 1378 1527 multis

255 1563 425 1630 rationibus
448 1587 466 1629 a
488 1562 578 1627 rebus
602 1563 765 1628 tractandis
789 1561 936 1628 aberrant.
974 1565 1110 1630 Primum
1135 1569 1214 1631 enim
1239 1592 1378 1652 magnam

255 1679 369 1757 partem
390 1670 619 1735 annotationum
641 1669 815 1733 nominibus
836 1671 968 1735 numeris
986 1681 1015 1733 et
1029 1672 1113 1756 siglis
1125 1696 1180 1738 nec
1193 1698 1255 1739 non
1268 1676 1379 1740 tumul·

254 1777 361 1841 tuariis
385 1777 448 1840 suis
472 1775 653 1860 conjecturis
677 1775 827 1860 complere
846 1776 955 1841 solent.
979 1775 1058 1841 'lum
1076 1778 1166 1844 etiam
1183 1762 1383 1865 superiorum*

254 1884 453 1968 interpretum
477 1880 646 1964 probabiles
670 1882 858 1965 conjecturas
882 1902 937 1944 suo
961 1882 1090 1967 quisque
1110 1884 1226 1968 judicio
1250 1910 1377 1971 perpen-

254 1988 378 2064 dentes,
404 1988 430 2051 si
453 2008 514 2071 qus
536 2007 638 2050 earum
662 1983 742 2049 bona
760 1986 797 2049 iis
813 1985 965 2063 videatur,
983 1987 1157 2053 condicam
1174 1993 1377 2076 κολακεύουσι,

253 2095 306 2158 sed
339 2116 400 2158 non
424 2114 490 2157 raro
513 2092 586 2155 satis
609 2090 707 2175 ample
730 2091 795 2176 ejus
819 2092 1136 2172 auctorem-laudibus
1160 2096 1305 2176 efferunt,
1330 2100 1378 2162 sin

253 2200 350 2278 mala,
374 2200 495 2284 gratnm
518 2208 608 2282 atque
632 2195 768 2262 acerbius
792 2197 823 2260 iu
847 2198 912 2282 ejus
935 2208 1089 2264 auctorem
1112 2201 1313 2280 invehuntur,
1339 2204 1378 2267 ad

253 2315 418 2390 utrumque
451 2304 542 2384 εὐνοίᾳ
568 2302 697 2386 quadam
719 2311 756 2382 τῇ
781 2304 896 2370 ἑαυτῶν,
912 2303 1035 2389 delapsi.
1082 2305 1190 2390 Neque
1215 2309 1295 2372 bunc
1320 2311 1379 2392 igi-

253 2419 305 2475 tur
337 2431 450 2473 morem
481 2416 604 2472 secutus
636 2430 722 2483 sum,
754 2416 845 2491 atqua
876 2409 918 2472 sic
945 2410 1123 2493 aequalibus
1146 2435 1266 2496 parcere
1291 2417 1379 2498 potui

256 2516 349 2600 vulgo
372 2514 522 2598 ineptiora
544 2512 762 2578 disserentibus
785 2522 816 2577 et
839 2513 1066 2578 venditantibus
1088 2516 1125 2580 de
1143 2517 1270 2583 Platone
1287 2543 1378 2604 quam

254 2623 423 2707 superiores
446 2622 632 2704 interpretes.
667 2620 823 2685 Praeterea
845 2620 931 2684 facile
954 2621 987 2685 in
1011 2621 1066 2687 bac
1088 2623 1221 2688 editione
1244 2649 1261 2689 a
1281 2628 1378 2690 nomi-

254 2727 343 2791 nibus
367 2725 517 2789 abstinere
540 2725 644 2809 potui,
669 2724 750 2808 quod
772 2724 851 2790 hanc
870 2735 1004 2790 nostram
1026 2729 1206 2793 emendandi
1226 2732 1376 2796 rationem

254 2854 342 2896 nemo
366 2832 555 2916 superiorum
579 2831 779 2914 interpretum
802 2831 945 2916 suscepit.
980 2831 1017 2895 In
1041 2833 1173 2898 editione
1196 2844 1296 2900 autam
1324 2837 1379 2901 Di·

254 2936 377 3001 dotiana
400 2936 472 2999 anni
498 2938 597 3013 1856,
623 2957 683 3020 quo
707 2944 841 3020 tempore
862 2937 913 3000 vix
931 2936 1067 3002 umbram
1089 2941 1248 3022 quamdam
1269 2942 1375 3006 harum

170 3065 173 3070 ’
253 3064 353 3108 rerum
378 3042 532 3121 videbam,
558 3064 675 3106 summa
697 3041 773 3106 mibi
795 3041 852 3106 tuit
871 3043 978 3128 religio
998 3045 1146 3130 cujusque
1159 3048 1378 3112 emendationis

254 3157 406 3213 auctorem
429 3149 593 3215 nominare.
627 3147 735 3231 Itaque
759 3170 861 3213 earum
882 3157 1039 3213 auctorum
1060 3152 1182 3215 nomina
1203 3153 1378 3218 desiderans

254 3253 342 3318 adeat
365 3253 496 3318 indicem
518 3255 607 3317 istius
631 3253 780 3317 editionis.
815 3251 893 3318 Nam
917 3276 1006 3318 nomo
1028 3255 1187 3322 Platonem
1212 3281 1280 3325 oum
1305 3263 1377 3325 tiro-

254 3357 344 3423 nibus
374 3359 509 3423 lecturus
541 3360 679 3442 ignorare
711 3366 810 3443 potest
841 3360 977 3424 omnium
1001 3360 1091 3445 longe
1114 3365 1228 3447 optime
1252 3367 1288 3430 de
1312 3368 1377 3451 ejus

254 3474 341 3530 textu
363 3467 503 3529 meritum
522 3464 732 3529 Heindorfium
746 3465 947 3543 Germanum,
961 3468 1141 3534 nostratium
1154 3472 1268 3536 τὸντῶν
1280 3473 1377 3537 πάλαι

252 3572 330 3638 πάνυ
355 3570 605 3636 Valokeuaerium
629 3577 659 3636 et
682 3572 730 3637 τὸν
752 3578 807 3635 τῶν
829 3578 876 3637 νῦν
896 3571 1063 3660 Cobetum,
1080 3576 1195 3660 Anglos
1212 3579 1376 3662 superioris

253 3677 361 3742 aetatis
396 3676 568 3741 Dobraeum
600 3685 630 3740 et
660 3685 780 3741 nostroe
802 3675 992 3743 Badhamum
1015 3717 1060 3730 --
1082 3680 1153 3758 hos,
1178 3681 1263 3760 dieo,
1287 3706 1376 3749 nemo

253 3783 411 3849 Platonem
435 3781 625 3846 auditoribus
649 3771 841 3866 expositurus
864 3784 1002 3868 ignorare
1026 3792 1144 3869 potest,
1174 3788 1376 3854 etiamsinon

252 3888 430 3954 nominatim
455 3889 597 3953 citantur.
630 3887 753 3972 Siquis
776 3897 879 3953 autom
903 3897 966 3967 est,
991 3890 1044 3973 qui
1067 3890 1143 3953 forte
1167 3893 1241 3956 scire
1257 3895 1375 3978 cupiat,

248 4012 383 4082 ¹qnorum
408 3994 544 4059 codicum
568 3994 712 4059 lectiones
735 3995 906 4072 retulerim,
930 3995 957 4059 is
980 3995 1114 4079 egregios
1136 3996 1266 4062 Beklreri
1287 4022 1375 4084 appa·

252 4108 336 4166 ratus
366 4101 514 4185 inspiciat.
560 4098 598 4162 In
631 4099 785 4163 studiosae
808 4100 887 4165 enim
909 4101 1078 4185 juventutis
1101 4124 1190 4165 nsum
1215 4103 1292 4168 hanc
1315 4106 1374 4169 edi·

252 4206 367 4270 tionem
392 4227 501 4290 parans
525 4226 643 4270 omnem
668 4206 822 4270 doct-rinae
844 4205 974 4290 speciem
997 4228 1066 4270 cum
1089 4207 1151 4271 iani
1174 4208 1226 4273 illa
1249 4233 1373 4296 pompa,

252 4311 284 4375 in
316 4334 375 4395 qua
406 4312 557 4376 innumeri
587 4311 647 4375 loci
679 4320 709 4376 et
741 4311 870 4376 editores
901 4311 988 4375 citari
1020 4319 1050 4374 et
1081 4313 1228 4378 cumulari
1256 4316 1372 4395 solent,

249 4416 413 4502 juvenibus
448 4439 550 4481 revera
579 4416 748 4498 rotantia,
788 4423 935 4502 quantum
970 4416 1057 4502 potui
1090 4418 1208 4484 evitavi.
1265 4421 1373 4486 Potius

252 4523 399 4608 exegetioi
433 4544 556 4587 munere
590 4521 744 4587 interdum
778 4523 901 4587 functus
935 4545 1000 4587 sum
1037 4521 1118 4588 falsis
1150 4525 1373 4611 interpretatio·
