3038 5122
322 288 379 332 vm
414 233 416 237 ’
675 236 1083 346 inconsonans.

214 566 217 577 1
322 471 413 558 Gorg.
427 475 489 538 525
502 474 537 538 B.
556 483 820 578 ΠΡΟΟΗΚΕΙΔΕ
836 484 965 543 ΠΑΝΤΙ
979 484 1059 543 ΤΩΙ
1074 487 1130 544 EN
1140 487 1331 545 ΤΙΜΩΡΙΑΙ
1344 490 1444 546 ΟΝΤΙ

1405 583 1445 616 ,θ-

484 726 487 733 ’
850 674 852 677 ’
954 647 1005 712 ὑπ’
1027 645 1120 714 ι’θλλου
1141 651 1222 728 ὀρθῶς
1247 647 1445 733 τιμωρουμένῳ

306 782 307 785 ¹
320 807 347 862 H
359 805 582 865 ONINACOAI
594 809 621 864 H
632 804 948 891 ΠΑΡΑΔΕΙΓΜΑΤῙΙ
958 811 1111 870 ΑΛΛΟῙΟ
1128 813 1346 873 ΓΙΓΝΕΟΘΑΙ.
1367 815 1444 873 ΕῙΟΙ

339 898 379 931 ..Λ-
927 900 966 934 ss
1346 906 1385 939 Λ

319 967 427 1044 βελτίω
449 970 600 1048 γθγνεοθαι
623 972 671 1036 καὶ
923 977 981 1043 τοῖς
1047 969 1079 1037 ἵν’
1090 973 1174 1040 ἄλλοι
1185 977 1299 1056 ὁρῶντες
1312 975 1442 1056 τθοχον·

1039 1102 1080 1144 τοι
1098 1075 1181 1144 dadau
1203 1079 1310 1162 τθοχη
1330 1081 1440 1164 Φοβοθ-

1039 1208 1116 1260 μενοι
1129 1184 1264 1262 βελτίους
1273 1186 1442 1267 γίγνωνται.

320 1345 346 1400 Δ
386 1345 426 1400 01
466 1343 771 1428 conscensum
810 1345 938 1415 oran
972 1348 1115 1405 racina
1151 1332 1415 1409 nnarrnnnr
1467 1368 1469 1372 ·

624 1504 729 1570 τεκαὶ
751 1435 969 1581 δθθηνιθιδθντες
992 1508 1047 1576 ὑπὸ

624 1613 691 1677 θεῶν
712 1637 747 1678 τε
768 1611 817 1677 καὶ
839 1612 987 1696 ιἰνθροθτον
1009 1609 1092 1682 οὗτοι
1150 1693 1152 1698 .

318 1775 573 1865 Anacreont-
609 1776 650 1833 οι
684 1756 710 1832 Δ
745 1774 803 1833 ΑΝ
835 1776 895 1834 ΤΑ
927 1777 1089 1835 sexam
1121 1778 1341 1835 Aninncoci
1374 1779 1442 1834 nar

572 1866 612 1899 ..Λ-

403 2002 406 2007 ,
448 1933 525 2014 θροις
551 1935 581 2000 u
602 1933 636 2001 δι’
658 1935 823 2014 οὶλγηδθνυν
845 1937 894 2003 καὶ
918 1938 1016 2003 ὀδυνῶν
1038 1934 1175 2018 γίγνεται

321 2033 327 2042 ’
449 2043 546 2113 αὐτοῖς
571 2045 588 2118 ἡ
611 2041 739 2124 ὠφέλεια
760 2041 810 2108 καὶ
842 2039 938 2108 etate
961 2043 1010 2108 acl
1034 2045 1063 2108 ἕν
1085 2044 1193 2110 Ἃιδου·

336 2229 340 2236 ⁸
449 2149 481 2212 οὐ
503 2147 562 2228 γιὶρ
583 2142 637 2212 οἷθν
659 2173 693 2212 τε
715 2145 814 2220 ἄλλοις
838 2147 950 2221 ἀδικίας
972 2149 1229 2216 οἱταλλοθττεοθαι.

318 2312 388 2367 AIA
410 2310 467 2368 TA
489 2311 673 2368 TOIATTA
700 2312 945 2378 ΑΔΙΚΗΜΛΤΛ
968 2313 1139 2370 ANIATOI
1160 2306 1377 2370 ΓΕΝΩΝΤΑΙ

317 2448 369 2505 ΕΚ
388 2448 572 2506 ,ΤΟΤΤΩΝ
594 2450 652 2506 ΤΛ
674 2450 995 2508 ΠΑΡΑΔΕΙΓΜΛΤΑ
1016 2450 1204 2525 ΓΙΓΝΕΤΑΙ
1226 2444 1286 2508 uei.

363 2596 465 2680 Atque
495 2617 577 2660 nunc
606 2595 705 2660 locum
728 2594 849 2668 Philebi
873 2597 915 2659 64
938 2595 963 2659 (l
985 2596 1143 2682 inspicias,
1166 2597 1220 2680 qui
1243 2596 1359 2661 nullam
1381 2597 1442 2662 dic·

318 2700 431 2766 tionem
455 2724 645 2766 communem
669 2700 759 2766 habet
777 2722 846 2766 cum
866 2701 1181 2786 argumentationibus
1201 2703 1393 2787 syllogisticis
1409 2704 1441 2767 iu

318 2806 384 2891 ipso
420 2805 540 2891 dialogo
574 2806 689 2884 obviis,
707 2805 774 2871 ³sed
805 2806 955 2872 Socratem
988 2807 1164 2893 simpliciter
1194 2807 1442 2872 sermocinantem

318 2900 423 2988 refert,
446 2923 482 2976 ut
506 2934 566 2996 qua
589 2913 771 2998 syllogismis
794 2911 1017 2997 opitulantibus
1037 2920 1158 2998 praeter
1179 2913 1267 2978 illum
1285 2913 1388 2977 locum
1404 2935 1440 2978 ex

209 3076 211 3081 .
318 3018 432 3102 Gorgia
455 3018 568 3082 multos
592 3028 750 3104 corruptos
774 3041 837 3082 csse
861 3017 1053 3109 ostendemus
1072 3025 1103 3082 et
1117 3018 1317 3103 corrigemus,
1336 3018 1439 3083 eadem

282 3183 284 3190 s
318 3124 434 3187 ratione
465 3125 526 3189 fere
549 3125 651 3188 omnia
674 3125 785 3210 scripta
808 3131 950 3208 corrupta
972 3145 1037 3188 esse
1061 3130 1091 3187 et
1113 3124 1288 3208 corrigenda
1312 3124 1369 3189 tibi
1392 3148 1443 3210 ap·

317 3238 428 3314 percat.
458 3229 600 3296 'Scribam
632 3231 733 3295 locum
764 3229 869 3295 eodem
900 3229 991 3294 modo
1020 3229 1051 3293 in
1076 3236 1220 3313 sequente
1243 3231 1363 3316 pagina.
1409 3230 1442 3294 si

318 3336 388 3421 quis
421 3337 567 3421 impostor
597 3345 667 3422 post
697 3307 824 3410 calces
851 3336 981 3410 οἰκήσεως
1010 3330 1053 3383 .'.
1076 3343 1130 3411 τῆς
1152 3342 1202 3401 τοῦ
1224 3336 1348 3402 τοιούτου
1370 3336 1443 3401 alte·

317 3444 379 3507 rius
415 3443 464 3508 καὶ
501 3466 592 3528 opera
625 3443 750 3506 alteram
784 3440 945 3528 quamdam
979 3447 1095 3525 partem
1124 3440 1249 3526 periodo
1278 3441 1443 3506 effinxisset

318 3571 363 3614 ex.
397 3572 442 3634 gr.
476 3550 568 3614 talem
600 3546 632 3614 ἵν’
654 3550 725 3615 οἰκεῖ
743 3549 792 3614 καὶ
813 3548 899 3614 τοῦτο’
921 3570 976 3612 του
997 3545 1153 3628 ηὑρηκέναι.
1178 3546 1225 3610 vel
1247 3546 1371 3612 minima
1394 3547 1442 3611 his

317 3655 426 3719 studiis
457 3655 609 3720 imbutum
641 3655 734 3719 latere
770 3674 832 3717 non
855 3660 968 3738 posset.
1013 3650 1092 3732 Quis
1115 3652 1194 3716 enim
1218 3659 1280 3728 est,
1304 3652 1358 3734 qui
1380 3674 1442 3717 non

209 3783 216 3856 g
318 3761 437 3839 videat,
459 3761 584 3827 vocibus
607 3761 654 3827 ἐπὶ
677 3767 736 3833 τοῖς
759 3759 890 3838 τιὶγοιθοῦ
913 3757 1051 3840 προθύροις
1074 3758 1234 3841 ε’φεττοθναι
1258 3757 1384 3841 exprimi
1408 3779 1442 3821 ac

318 3888 399 3931 nunc
414 3866 576 3952 significari
591 3868 745 3931 inuentam
762 3887 826 3929 esse
841 3865 893 3939 την
907 3870 958 3931 τοῦ
973 3862 1142 3945 ζητουμένου
1154 3863 1308 3947 (τάγαθοῦ)
1319 3860 1440 3939 οἴκησιν,

317 3971 431 4058 hasque
446 3994 549 4050 voces,
565 3973 597 4036 in
619 3975 659 4035 61
680 3970 707 4035 Β
728 3970 849 4051 obvias,
868 3969 1027 4055 impostori
1048 3976 1117 4032 ante
1136 3968 1240 4032 oculos
1252 3968 1354 4032 luisse.
1379 3966 1443 4048 Qui

317 4078 346 4143 at
368 4079 401 4142 in
425 4078 598 4164 syllogismo
621 4077 729 4162 (Gorg.
746 4079 810 4141 460
828 4075 866 4159 0)
886 4077 1095 4158 inseruerunt,
1114 4073 1234 4138 eosdem
1249 4073 1364 4159 pudere
1379 4096 1442 4138 non

317 4185 420 4269 potuit
453 4184 502 4249 hic
532 4185 585 4262 μὲν
610 4183 648 4248 dc
671 4205 726 4249 suo
749 4182 898 4260 adddere,
923 4180 1178 4246 constructionem
1197 4179 1317 4273 *seilicet
1340 4203 1443 4264 quam·

318 4290 387 4379 darn
409 4291 568 4355 restituere
590 4297 754 4366 conantes,
777 4296 938 4374 postquam
954 4286 1070 4371 reliqua
1086 4287 1368 4372 pessumdederunt.
1393 4285 1442 4350 Ne

318 4397 391 4482 quid
424 4397 521 4460 dicam
552 4396 589 4460 de
612 4395 800 4482 ineptissimo
823 4394 877 4460 illo
899 4399 950 4459 τοῦ
974 4394 1099 4458 τοιοθτον
1121 4399 1152 4457 et
1174 4392 1212 4457 de
1235 4402 1300 4456 tota
1323 4390 1444 4455 dicendi

317 4503 434 4567 ratione
458 4503 561 4567 Attico
584 4509 688 4566 nostro
712 4522 835 4586 prorsus
859 4499 994 4584 indigna.
