3038 5122
688 277 944 368 σοιιυιλε.
1194 313 1196 317 -
1311 281 1374 347 115
1424 356 1428 363 ,

246 479 318 558 ἣδιόν
339 482 434 561 ἔστιν,
457 482 515 559 ἐγὼ
538 484 597 562 ε’ρῶ.
622 483 659 547 σὺ
682 481 711 546 δὲ
718 532 728 563 ,
749 481 786 548 ῶν
806 483 860 562 μέν
887 507 928 550 σοι
957 483 1025 549 δοκῶ
1053 487 1111 564 ἐγὼ
1138 492 1235 559 καλῶς
1259 484 1372 563 λέγειν,

244 589 334 670 φοίθι,
357 589 381 654 εί
402 589 431 654 δὲ
450 590 510 668 μη,
528 585 641 668 ἔλεγχε
660 589 710 653 καί
729 590 771 667 μη
790 588 935 668 ἐπίτρεπε.
955 591 1057 669 ἔμοιγε
1077 593 1237 664 δοκεῖτοῖς
1257 592 1310 669 μὲν
1322 598 1373 658 τοῦ

245 695 376 770 σώματος
406 680 523 771 τοίξεσιν
556 692 644 771 ὄνομα
672 689 743 759 εἶναι
775 695 910 772 ὑγιεινὸν,
943 694 975 772 ἐξ
1005 693 1038 762 ού
1068 698 1096 762 ε’ν
1125 699 1204 775 αύπῶ
1235 698 1374 774 ἧύγίειοι

140 842 152 863 1.
244 801 380 881 γίγνεται
398 799 448 864 καί
468 803 485 876 ἦ
503 796 583 874 ύλλη
600 800 689 879 οίρετη
708 804 758 865 τοῦ
775 799 920 877 σώματος.
941 800 1002 867 ἔστι
1019 807 1117 881 ταῦτ’,
1136 803 1214 879 ἢούκ
1226 803 1317 883 ἕστιν;
1329 840 1373 854 -

209 916 336 981 DKAA.
354 905 451 972 Ἔστι.
476 943 519 954 -
543 914 614 970 ΣΩ.
636 912 713 977 Ταῖς
736 905 766 970 δὲ
787 915 840 982 τῆς
861 913 965 988 ψυχῶν
984 907 1088 985 τοίξεσί
1106 935 1139 974 τε
1152 909 1201 973 καί
1213 911 1371 988 κοσμησεσι

244 1012 361 1091 νθμιμθν
382 1036 416 1076 τε
438 1010 487 1076 καί
507 1007 606 1092 νίμος,
621 1007 680 1076 θθεν
698 1012 747 1077 καί
767 1011 878 1092 νθμιμοι
898 1014 1049 1091 γίγνονται
1066 1015 1115 1079 καί
1132 1013 1251 1094 κθσμιοι·
1269 1021 1372 1082 ταῦτα

243 1119 268 1184 δ’
289 1117 350 1183 ἔστι
373 1115 531 1193 δικαιοσύνη
554 1141 588 1180 τε
610 1117 659 1182 καί
682 1117 860 1200 σωφροσύνη·
880 1120 957 1201 φης,
978 1119 994 1193 ἢ
1014 1117 1063 1200 ού;
1082 1158 1125 1168 -
1149 1131 1243 1188 ΚΑΛ.
1260 1121 1370 1186 Ἔστω.

287 1222 353 1289 LX.
385 1233 458 1289 ΣΩ.
490 1225 601 1288 Οὐκοῦν
635 1222 703 1303 πρὸς
725 1229 825 1290 ταῦτα
852 1219 917 1290 ῘαύἸ
943 1225 1097 1303 βλέπονθ’
1121 1229 1209 1308 ῥήτωρ
1232 1227 1372 1299 ἕκεῖνοςύ

243 1329 374 1411 τεχνικθς
395 1353 430 1395 τε
452 1328 502 1393 καὶ
526 1328 636 1405 οῖγαθδς
659 1329 708 1393 καί
731 1331 798 1402 τοὺς
821 1330 926 1407 λίγους
946 1331 1084 1413 προσοίσει
1105 1338 1172 1404 ταῖς
1190 1338 1308 1413 ψυχαῖς
1325 1326 1372 1405 ούς

243 1438 280 1502 ῶν
310 1436 385 1518 λέγη
411 1434 461 1500 καί
484 1435 540 1505 τοὶς
563 1432 684 1515 προίξεις
706 1434 844 1519 οῖποίσας,
867 1437 916 1501 καί
940 1435 1020 1519 δῶρον
1042 1437 1092 1502 εὀίν
1116 1462 1144 1503 τι
1168 1435 1248 1520 διδῷ,
1274 1437 1372 1517 δύσει,
1411 1476 1424 1489 -·

207 1622 210 1627 ἢ
243 1541 297 1608 κῶν
326 1567 354 1608 τι
385 1541 566 1623 οῖφαιρῆται,
597 1540 812 1620 ῶφαιρήσεται,
845 1541 913 1620 πρὸς
943 1546 1021 1607 τοῦτ’
1045 1542 1092 1609 dec*
1120 1542 1167 1608 τὸν
1191 1548 1252 1608 νοῦν
1276 1542 1371 1623 ἔχων,

143 1668 149 1679 ·
209 1647 319 1721 Εύπως
341 1645 376 1714 ῖιν
399 1649 568 1718 αὐτοῦτοῖς
592 1646 725 1719 πολίταις
749 1646 907 1723 δικαιοσύνη
930 1648 983 1726 μὲν
1003 1646 1032 1713 ἒν
1052 1656 1119 1721 ταῖς
1135 1655 1251 1730 ψυχαῖς
1269 1649 1373 1727 γίγνη·

135 1740 163 1800 s
243 1778 310 1836 ται,
343 1753 442 1819 οῖδικίοι
471 1751 503 1825 δ’,
527 1749 780 1827 οίπαλλιίττηται,
812 1754 861 1818 καί
892 1754 1057 1836 σωφροσύνη
1087 1756 1140 1834 μὲν
1172 1754 1350 1833 ἐγγίγνηται
1360 1803 1370 1833 ,

242 1859 390 1926 ιἰκολοισία
411 1857 436 1923 δ’
459 1855 712 1934 οῖπαλλοίττηται,
736 1856 785 1922 καί
811 1862 828 1935 ἦ
851 1856 930 1934 οῖλλη
954 1860 1041 1940 οῖρετη
1064 1859 1261 1937 ἐγγίγνηται,
1281 1858 1372 1925 κακία

243 1967 266 2031 δ’
288 1964 379 2047 οῖπίης
402 1971 582 2045 συγχωρεῖς,
608 1963 624 2039 ἢ
649 1962 697 2042 ού;
722 2002 766 2012 -
787 1974 879 2031 ΚΑΛ.
904 1971 1065 2045 Συγχωρῶ.
1088 2003 1132 2014 -
1155 1975 1227 2031 ΣΩ.
1251 1965 1293 2030 Τί
1312 1964 1372 2047 γὰρ

242 2071 363 2154 ὄφελος,
392 2065 413 2135 ῶ
443 2068 635 2146 Καλλίκλεις,
661 2069 779 2148 σώματί
800 2095 838 2148 γε
859 2070 996 2162 κοίμνοντι
1019 2072 1068 2136 καί
1091 2072 1240 2151 μοχθηρῶς
1264 2072 1371 2136 διοικει·

243 2176 317 2258 με’νιρ
340 2176 380 2261 ηῆ)
403 2175 483 2241 σιτία
504 2175 604 2239 πολλοὶ
625 2174 728 2240 διδίναι
751 2174 801 2240 καί
824 2175 864 2240 τίς
888 2175 991 2251 ἥδιστα
1015 2176 1031 2252 ἢ
1054 2178 1131 2241 ποσοὶ
1144 2177 1160 2252 ἢ
1173 2177 1393 2255 θίλλ’ῖτιοῶν,.

243 2281 257 2348 δ
279 2283 321 2360 μη
342 2282 432 2357 ύννὶσει
456 2279 529 2345 αθτδ
551 2279 608 2345 ἔσθ’
630 2279 679 2345 δ’τε
702 2280 788 2346 πλέον
810 2281 827 2357 ἢ
847 2283 1025 2362 τούναντίον,
1046 2280 1124 2347 κατοί
1145 2305 1181 2359 γε
1201 2282 1249 2347 τὸν
1261 2282 1379 2348 δίκαιον.
1411 2330 1415 2335 -

169 2389 345 2466 mmm,
376 2386 425 2453 καί
456 2385 595 2464 ἔλαττον;
626 2384 688 2450 ἔστι
710 2392 825 2466 ταῶτα;
850 2425 895 2437 -
917 2372 1010 2455 ΚΑΛ.
1031 2388 1141 2454 Ἔστω.
1162 2423 1205 2437 --
1226 2398 1299 2454 ΣΩ.
1326 2389 1372 2455 Ού
1416 2448 1419 2455 .

242 2495 301 2575 γαρ
308 2543 318 2578 ,
342 2489 441 2572 οἶμαι,
458 2498 608 2558 λυσιτελεῖ
623 2492 705 2570 μετὰ
718 2493 877 2573 μοχθηρίας
892 2480 1026 2572 σώματος
1038 2493 1087 2575 ζῆν
1098 2494 1240 2576 οῖνθρύπιρ·
1252 2493 1371 2572 ῶνοίγκη

243 2602 302 2682 γδιρ
323 2597 394 2665 ούτω
417 2598 466 2663 καί
489 2598 539 2679 ζῶν
562 2598 719 2679 μοχθηρῶς.
743 2598 760 2674 ἢ
783 2600 841 2680 οὐχ
863 2595 950 2679 οὕτως
972 2635 1017 2649 -
1035 2609 1129 2666 ΚΑΛ.
1150 2584 1221 2665 Ναί.
1240 2638 1284 2649 -
1300 2609 1371 2666 ΣΩ.
1432 2590 1435 2597 ’

206 2724 209 2729 ’
244 2708 355 2773 Ούκούν
383 2706 432 2769 καί
463 2703 533 2776 τοδςΑ
548 2703 698 2783 ἐπιθυμίας
726 2703 974 2785 οῖποπιμπλοίναι,
1007 2700 1060 2770 οἷον
1091 2711 1233 2771 πεινῶντα
1256 2712 1371 2784 φαγεῖν

181 2850 184 2857 ·
243 2808 304 2880 ίσον
325 2811 465 2889 βούλεται
490 2809 506 2886 ἢ
530 2810 657 2890 διφῶντα
688 2818 779 2886 πιεῖν,
812 2809 978 2888 ὑγιαίνοντα
1001 2811 1053 2888 μὲν
1076 2813 1155 2875 ἐῶσιν
1177 2813 1201 2875 οῖ
1223 2812 1311 2889 ῖατροὶ
1332 2813 1370 2883 ῶς
1454 2798 1457 2803 ’

244 2918 283 2984 τίς
314 2916 429 2994 πολλοί,
459 2913 608 2994 κοίμνοντοι
636 2915 683 2993 δὲ,
715 2917 751 2988 ῶς
777 2913 844 2988 ἔπος
868 2917 977 2993 εἰπεῖν,
1001 2914 1128 2981 οὐδέποτ’
1153 2918 1231 2982 ε’ῶσιν
1254 2918 1370 2996 ε’μπίμ-

245 3023 375 3091 πλασθαι
408 3018 443 3087 ῶν
477 3021 626 3098 ἕπιθυμεῖ;
661 3027 824 3102 συγχωρεῖς
853 3019 939 3086 τοῶτθ
969 3021 1084 3098 γεκαὶ
1116 3022 1169 3100 σύ;
1198 3059 1243 3071 --
1275 3018 1369 3102 ΚΑΛ.

211 3129 372 3210 ΒἼΞγιογε.
396 3165 438 3176 -
462 3137 533 3192 ΣΩ.
555 3126 622 3207 Περὶ
646 3127 674 3192 δὲ
697 3128 815 3207 φυχίην,
838 3121 859 3190 ῶ
881 3125 998 3208 ι’ίριστε,
1021 3129 1114 3207 ούχψθ
1139 3129 1226 3199 αὐτὸς
1246 3127 1367 3208 τρθπος;

131 3229 134 3233 ’
245 3220 295 3308 ἕως
324 3236 377 3315 μὲν
407 3233 443 3299 ίιν
467 3233 572 3314 πονηροὶ
594 3231 628 3316 ᾖ,
650 3231 768 3308 οῖνθητθς
790 3230 817 3296 τ’
842 3227 913 3298 ούσοι
935 3233 984 3297 καὶ
1008 3233 1172 3306 οῖκίλαστος
1197 3232 1247 3298 καί
1271 3231 1366 3306 ίίδικος

245 3341 293 3406 καῖ
327 3327 452 3417 ῶνύσιος,
485 3337 587 3419 είργειν
622 3340 711 3414 αύτῖρν
728 3339 785 3403 δεῖ
811 3344 866 3403 τῶν
894 3340 1044 3417 ἐπιθυμιῶν
1068 3338 1115 3403 καὶ
1139 3341 1181 3417 μη
1206 3339 1368 3421 ἐπιτρέπειν

246 3447 316 3513 ἄλλ’
340 3445 420 3535 ίιττα
444 3451 531 3511 ποιεῖν
554 3445 570 3521 ἢ
594 3446 650 3528 ἕρφ’
673 3442 708 3511 ὧν
731 3445 856 3523 βελτίων
880 3446 980 3524 ἔσται;
1004 3447 1081 3530 φης’,
1106 3446 1122 3522 ἢ
1146 3445 1195 3524 ούς
1212 3483 1256 3494 -
1278 3455 1370 3512 ΚΑΛ.
1420 3502 1422 3506 ,

247 3553 334 3631 Φημί.
355 3590 398 3602 -
421 3561 493 3616 ΣΩ.
516 3548 600 3617 Οἷίτω
623 3550 682 3632 γοίρ
705 3575 758 3616 που
782 3553 857 3634 αὐτῇ
881 3551 1054 3634 θμεινοντῇ
1077 3558 1183 3632 φυχηῖ;
1204 3588 1247 3605 -
1270 3560 1369 3616 ΚΑΛ.

246 3661 326 3725 Ποίνν
348 3682 396 3736 γε.
419 3696 462 3706 -
485 3666 555 3722 ΣΩ.
580 3658 690 3722 Οὐκοῦν
712 3657 745 3721 τι)
767 3655 869 3738 είργειν
893 3658 970 3722 ἐστὶν
991 3657 1047 3739 ἀφ’
1070 3653 1106 3721 ῶν
1126 3658 1260 3734 ἐπιθυμεῖ
1278 3654 1368 3722 κολοί-

229 3765 317 3846 .ζειν;
341 3803 383 3813 -
406 3773 498 3830 ΚΑΛ.
517 3762 588 3828 Ναί.
611 3800 655 3810 -
679 3772 749 3827 ΣΩ.
775 3763 819 3828 Τδ
842 3762 1012 3844 κολοίζεσθαι
1034 3760 1092 3842 ῶρα
1114 3771 1151 3844 τῇ
1172 3768 1259 3843 φυχρῖ
1282 3759 1369 3838 οίμει-

248 3869 289 3935 νθν
311 3873 387 3936 ἐστιν
410 3869 426 3946 ἢ
450 3873 467 3946 ἦ
489 3869 651 3945 οῖκολασία,
676 3865 768 3950 ῶσπερ
791 3869 827 3934 σὺ
851 3875 897 3934 νῶν
920 3870 953 3944 δη
972 3867 1033 3951 ᾤου.
1056 3905 1098 3918 -
1117 3877 1211 3934 ΚΑΛ.
1235 3870 1299 3932 Ούκ
1318 3863 1369 3932 οἶδ’

281 4025 328 4073 504
350 4022 374 4072 Ε
391 4025 523 4092 διακειμένῳ
538 4027 601 4077 σιτία
616 4024 700 4086 πολλὰ]
728 4022 789 4073 Tres
833 4038 959 4088 nunquam
975 4023 1037 4087 μίαν
1056 4022 1201 4084 οθῙυῖιυιιαα
1219 4020 1255 4070 sit
1272 4020 1373 4085 corpori

248 4090 359 4149 codices,
375 4088 465 4150 iidem,
482 4092 527 4154 qui
540 4092 647 4141 altorum
661 4098 789 4159 τοῐνπροσ·
834 4105 908 4153 quam
920 4091 1095 4154 profuturum.
1121 4087 1182 4153 Ipsa
1198 4091 1282 4136 tamen
1298 4087 1373 4137 verba

248 4165 311 4224 φέρει
335 4163 457 4226 προσφέρει
479 4157 507 4205 in
529 4160 577 4208 503
600 4158 623 4207 Ε
644 4160 788 4214 servarunt,
835 4155 929 4205 Graeca
937 4171 977 4204 me
985 4155 1100 4220 expedire
1109 4169 1160 4203 non
1168 4151 1373 4219 φονεύσωσι--

248 4224 290 4272 hic
306 4226 321 4280 ἦ
337 4222 451 4271 inserunt
467 4227 524 4272 ante
535 4228 604 4276 σιτία.
616 4224 684 4289 quod
693 4223 797 4273 auctori*
833 4223 883 4272 Pro
906 4228 968 4286 μετὰ
990 4225 1119 4291 μοχθηρίας
1142 4229 1262 4284 σώματος,
1286 4219 1372 4283 paullo

248 4305 324 4354 quam
346 4288 440 4337 scribae
456 4287 539 4338 deberi
555 4291 636 4340 multo
652 4291 704 4340 veri
721 4289 789 4339 simi-
834 4288 939 4338 inferius
964 4303 1027 4352 quae
1052 4289 1183 4351 leguntur,
1208 4285 1265 4334 vide
1285 4289 1373 4334 utrum

249 4355 298 4404 lius
315 4360 360 4405 est.
389 4354 506 4403 Proxima
523 4357 535 4405 δ
550 4365 584 4421 μὴ
599 4363 671 4415 θνησει
688 4360 743 4408 αὐτὸ
758 4382 790 4396 -
834 4354 1020 4405 rescribendum·
1040 4355 1073 4402 sit
1090 4359 1152 4418 μετὰ
1169 4361 1275 4416 σώματος
1285 4356 1374 4416 μοχθη-

250 4427 287 4474 nat
309 4426 415 4488 ίλοιττον;
438 4421 544 4471 obseura
565 4428 625 4472 sunt
645 4427 670 4472 et
686 4424 717 4472 ab
734 4422 790 4472 aliis
833 4426 886 4492 ρίας
902 4437 934 4470 νη
949 4427 1012 4486 μετὰ
1026 4425 1144 4489 μοχθηροῦ
1161 4427 1275 4482 σώματος.
1288 4443 1321 4455 -
1335 4417 1377 4466 Do

250 4488 322 4538 aliter
337 4487 503 4554 explicantur.
525 4488 595 4538 Mihi
610 4488 720 4539 Αἰσίωνα
735 4504 790 4539 sen-
834 4486 956 4553 proximis
980 4491 1010 4544 ὡς
1031 4493 1062 4538 τὰ
1078 4489 1150 4537 πολλὰ
1164 4489 1189 4535 et
1200 4489 1231 4541 ὡς
1241 4489 1294 4542 ἔπος
1305 4488 1375 4534 εἰπεῖν

195 4557 202 4571 ”
251 4569 294 4604 sus
315 4555 362 4604 sub
378 4554 411 4605 iis
426 4553 503 4605 latere
518 4555 631 4606 videtur:
648 4556 715 4620 ρυοθ
730 4571 790 4606 κονι-
835 4555 940 4607 οῖδίιιυτι
953 4554 1007 4620 jam
1024 4548 1101 4620 s'upra
1115 4551 1226 4603 vidimus
1237 4551 1270 4602 ad
1282 4552 1329 4599 482
1341 4549 1375 4600 B.
