3038 5122
197 306 318 353 mun
567 285 968 359 Puocuuorraua

196 489 338 582 habuisse
366 491 526 559 contendo.
548 488 716 565 *Vidimus
742 514 820 565 ,eura
843 492 882 560 in,
899 490 974 578 Gap.
998 490 1106 559 1-1v
1129 492 1317 578 hooagere,

196 603 230 662 ut
245 597 372 663 maxime
388 597 509 683 propria
524 595 732 682 philosophiae
747 596 919 670 Socraticae
934 606 1091 684 praecepta
1105 599 1209 667 dedita
1218 622 1320 684 xopera
1442 610 1444 615 '

195 710 378 789 exponeret
401 704 715 797 argumentationibus
738 704 882 770 defendat
901 713 931 768 et
951 691 1227 791 conprehendam
1243 706 1320 790 quid

194 809 257 895 agit
278 809 309 873 in
334 815 484 894 postrema
499 809 620 895 dialogi
643 809 750 895 parts?
773 809 959 882 Eorumdem
982 819 1211 896 praeceptorum
1235 834 1320 897 prae·
1376 796 1379 805 ¹

193 916 344 982 stantiam·
358 938 419 981 nun
435 914 685 1002 argumentando,
707 915 760 980 sed
777 925 921 1000 tauquam
937 917 1103 1002 praemium
1121 916 1319 1002 proponendo

192 1042 228 1086 ac
248 1014 422 1107 polliiendo
445 1043 480 1087 ca
496 1022 613 1087 tenenti
628 1043 774 1087 summam
790 1021 966 1088 felicitatem
981 1004 1071 1097 etiarn
1084 1033 1156 1109 post
1171 1030 1318 1101 mortem,

192 1125 283 1212 digna
306 1149 340 1192 ao
363 1127 487 1193 mirifice
510 1127 638 1192 extollit.
674 1125 768 1208 Quod
790 1128 902 1194 taciens
926 1128 983 1193 viri
1004 1129 1130 1202 virentis
1146 1129 1167 1195 i.
1185 1152 1211 1195 a.
1227 1151 1321 1215 agen·

191 1233 234 1298 tia
253 1239 283 1298 et
306 1233 433 1299 dicentis
457 1232 623 1299 secundum
646 1242 807 1320 praecepta
829 1257 921 1320 snpra
946 1233 1071 1312 tradita,
1096 1236 1150 1318 qui
1169 1257 1268 1320 neque
1285 1235 1319 1300 iu
1437 1234 1440 1243 '

191 1339 253 1404 vita
283 1339 347 1422 (na
365 1340 405 1405 acl
435 1330 558 1420 ἕσχιιτιι
581 1339 707 1425 ‚quidem
737 1339 918 1418 ἀδικούμενος
948 1341 1032 1418 486,
1063 1342 1145 1416 508,
1170 1342 1232 1406 tat
1257 1341 1317 1427 D),
1362 1397 1364 1401 .

191 1466 299 1529 noque.
322 1452 392 1530 post
424 1446 551 1510 mortam
585 1445 691 1511 infelix
725 1467 789 1515 esse
820 1446 934 1531 possit,
966 1454 1110 1528 tanquam
1145 1446 1324 1531 exemplum,

191 1551 279 1638 pouit
312 1551 414 1638 ipsum
447 1550 623 1631 Socratem,
658 1553 771 1638 quippe
805 1550 863 1623 sibi
897 1551 1053 1617 conscium
1087 1573 1119 1615 se
1152 1551 1218 1617 οὔτε
1252 1552 1317 1632 περὶ

189 1656 347 1737 ἀνθρώπους
372 1655 446 1722 ,οὔτε
479 1658 542 1736 περὶ
573 1658 648 1731 θεοὺς
680 1653 874 1724 dictaveritis
897 1651 957 1723 οὔτ’
980 1655 1116 1736 εἰρηκέναι
1140 1656 1319 1737 cdr'aipysi·

192 1762 267 1827 adar.
314 1761 371 1829 His
402 1784 438 1829 ex
469 1762 578 1851 ultima
610 1762 723 1849 dialogi
754 1770 839 1848 parte
868 1749 1035 1849 depromtis
1067 1761 1144 1826 adde
1176 1762 1259 1846 quod
1284 1765 1319 1828 ’ἐν

109 1868 116 1876 ’
190 1867 302 1950 capas
331 1867 423 1933 habet
453 1866 527 1954 Oap.
552 1867 612 1935 HL
642 1871 660 1955 q
690 1872 718 1934 1.
758 1867 906 1934 Rhetores
936 1869 1017 1949 eninr
1041 1867 1209 1934 secundum
1232 1870 1317 1947 484,

190 1973 255 2041 485
278 1981 309 2039 at
332 1976 396 2039 486
420 1975 646 2061 philosophiam
668 1973 851 2041 Socraticam
875 1972 1119 2039 contemnebant.
1144 1972 1316 2040 ·Putabaut

190 2101 255 2145 sam
288 2080 404 2166 ingenii
437 2088 558 2149 tantum
589 2080 747 2146 exercendi
778 2089 809 2146 et
833 2090 886 2156 τῆς
910 2083 965 2146 τῶι
987 2080 1053 2146 ιείιι
1074 2080 1208 2153 carbrias
1232 2079 1319 2147 ἕνεκιι
1412 2141 1416 2148 ,

95 2199 97 2204 “
190 2188 389 2264 πεποιημένην.
413 2187 550 2273 *Auctor
577 2186 673 2272 igitur
702 2187 779 2252 hanc
807 2187 929 2251 insitam
953 2187 1126 2270 opinionem
1151 2208 1187 2254 ea
1211 2203 1316 2251 eornm

168 2378 170 2382 Α
189 2291 298 2356 animis
330 2290 433 2357 evellit
447 2360 450 2365 ,
463 2291 610 2383 tradendo
642 2299 673 2356 et
701 2291 892 2357 defendendo
915 2291 1047 2364 Socratis
1071 2291 1315 2376 philosophiam,

189 2417 260 2461 nou·
285 2403 321 2460 nt
355 2395 546 2483 disciplinam
581 2397 764 2483 qnamdam,
803 2396 842 2461 ad
876 2418 968 2481 quam
1001 2397 1126 2483 puerilis
1166 2404 1248 2462 aetas
1282 2397 1315 2461 in

94 2497 97 2504 “
190 2501 302 2566 scholis
324 2502 521 2581 informetur,
546 2503 598 2568 sed
621 2511 657 2568 nt
679 2524 816 2569 normam
838 2503 1017 2587 quamdam,
1040 2503 1078 2567 ad
1097 2524 1193 2588 quam
1208 2503 1316 2589 cujus

190 2629 250 2692 que
273 2607 403 2673 hominis
428 2609 552 2674 vitarit
575 2609 734 2695 dirigenda
756 2615 787 2675 et
809 2609 921 2694 privati
943 2616 974 2673 et
993 2609 1128 2694 politici,
1145 2610 1177 2673 in
1194 2630 1316 2694 quaque
1409 2657 1418 2673 .

189 2718 251 2778 tarn
273 2713 330 2797 ὶδιᾳ
353 2724 446 2800 quara
467 2725 601 2797 πολιτικῇ
625 2714 748 2798 πράξει,
776 2722 811 2782 ut
835 2738 935 2781 veram
958 2715 1017 2780 sibi
1040 2715 1222 2798 aliisqueet
1246 2714 1316 2779 uni·

191 2840 292 2885 versae
321 2821 438 2887 civitati
469 2821 644 2912 felicitatem
675 2845 710 2887 ac
739 2817 869 2887 salutem
897 2831 1058 2906 comparet.
1103 2820 1218 2885 Verum
1241 2820 1317 2904 quid

190 2923 303 3013 plural
336 2926 405 2993 Hoc
428 2927 539 3013 dialogi
562 2928 722 2994 consilium
747 2951 811 2993 esse
831 2928 970 2992 videtur:
988 2929 1099 3012 rejecta
1114 2927 1270 2992 rhetorum
1286 2935 1318 2991 et

190 3034 393 3119 sophistarum
416 3034 577 3120 disciplina
600 3034 782 3100 Socraticam
806 3033 997 3118 disciplinam
1022 3032 1198 3116 aequalibus
1222 3031 1317 3097 tradit

190 3147 281 3225 atque
314 3142 437 3226 exponit
470 3139 556 3225 (Gap.
591 3139 712 3225 I—IV)
750 3148 781 3206 et
803 3138 996 3204 commendat
1020 3138 1107 3223 (Cap.
1132 3125 1316 3224 Iit-VH).

96 3230 100 3237 ¹
189 3244 282 3327 Quod
305 3247 494 3331 propositum
518 3246 633 3331 optime
657 3246 830 3330 assequitur
852 3252 970 3322 auctor,
994 3244 1104 3308 alteras
1128 3252 1227 3329 partes
1250 3244 1319 3310 rhe-

189 3350 318 3429 toribus,
335 3351 482 3436 politicis,
502 3352 645 3437 sophistis
658 3350 759 3416 dando
772 3351 922 3415 acerrimis
936 3356 966 3414 et
980 3349 1234 3414 artificiosissimis
1247 3370 1319 3414 con·

190 3457 348 3523 trariornm
366 3457 545 3542 placitorum
563 3456 856 3542 propugnatoribus,
873 3457 943 3540 qui,
960 3456 1098 3540 quamvis
1114 3456 1242 3526 audaces
1257 3455 1318 3519 dis·

190 3570 345 3649 putatores
361 3563 439 3640 sint,
456 3586 474 3627 a
496 3562 618 3627 Socrate
637 3585 693 3628 sna
708 3562 821 3647 placita
836 3561 1008 3626 vindicante
1025 3584 1087 3626 uon
1102 3560 1198 3625 dnbio
1214 3568 1318 3626 tamen

88 3653 96 3667 ⁶
190 3668 288 3735 Marte
310 3668 522 3733 devincuntur.
547 3668 653 3733 Restat
676 3675 728 3746 ut,
752 3690 791 3733 ne
808 3668 884 3752 quid
904 3668 1040 3733 omisisse
1057 3668 1168 3744 videar,
1186 3666 1318 3733 breviter
1428 3662 1431 3666 ¹

191 3774 289 3840 dicam
312 3774 350 3839 de
375 3796 478 3838 eoram
502 3775 666 3852 sententia,
689 3775 741 3859 qui
759 3775 969 3840 secundarium
987 3772 1139 3857 quoddam
1156 3773 1317 3837 consilium

194 3880 393 3946 Athenienses
415 3880 672 3964 reprehendendi,
697 3879 850 3945 Socratem
867 3891 968 3945 autem
987 3877 1184 3955 defendendi,
1205 3878 1238 3943 in
1260 3877 1318 3942 hoc

110 4063 113 4072 f
190 3985 313 4072 dialogo
331 3986 448 4051 auctori
460 3986 552 4051 fnisse
565 3986 765 4051 contendunt.
791 3986 917 4061 dictita,
931 3985 1105 4070 gravissime
1117 3985 1270 4067 vituperat
1286 3991 1319 4047 et

190 4093 317 4179 castigat
336 4113 386 4157 eos
393 4139 403 4169 ‚
427 4091 580 4158 Socratem
597 4102 698 4159 autem
710 4090 865 4157 'immerito
878 4113 995 4155 summa
1007 4090 1119 4175 injuria
1131 4088 1169 4154 ab
1182 4090 1218 4153 iis
1232 4087 1319 4152 affec·

190 4206 255 4263 tum
279 4197 377 4281 digne>
393 4197 540 4264 defendit.
575 4198 687 4264 Verum
711 4198 775 4262 noli
797 4199 829 4262 iu
853 4197 901 4261 his
925 4194 1139 4294 secundarium
1164 4193 1318 4280 quoddam
1361 4285 1365 4292 ἡ

190 4303 350 4369 consilinm
385 4303 496 4368 videre.
544 4302 666 4388 Dialogi
695 4303 802 4384 ratio„
826 4303 928 4387 ipsum
952 4302 1017 4387 ejus
1041 4309 1250 4385 argumentum
1276 4299 1319 4364 ita

189 4409 264 4487 fert,
289 4416 327 4474 ut
348 4416 379 4474 et
401 4409 454 4474 illa
476 4410 636 4495 castigatio
659 4417 690 4473 et
712 4407 766 4473 illa
788 4408 926 4473 defensio
950 4429 1003 4492 per
1026 4430 1057 4504 se
1075 4416 1166 4492 atque
1183 4405 1265 4470 ultro
1281 4426 1331 4470 er,

190 4537 231 4591 aa
249 4513 392 4601 procae
