3038 5122
509 307 916 378 PROLEGOMENA.
1198 332 1288 382 xrvrr

142 537 178 580 ee
201 535 263 578 una
286 535 356 576 cum
383 511 549 598 disputatis
565 512 603 578 de
620 511 826 596 sophistarum
840 515 993 582 rhetorica
1008 517 1281 585 considerabimus.

142 619 235 701 Quod
260 619 393 684 secundo
417 619 484 684 loco
507 618 729 704 aggrediamur.

187 727 234 792 De
250 727 455 812 sophistarum
470 726 622 790 rhetorica
632 725 826 810 paucissimis
837 725 994 791 absolvere
1006 727 1195 811 poterimus,
1210 730 1284 815 quia

142 856 219 919 qnae
242 832 280 897 de
304 833 360 897 hac
383 831 583 916 disputantur
604 854 667 896 non
693 840 766 897 sunt
782 832 921 897 involuta
936 840 968 897 et
983 833 1128 900 facillime
1144 858 1182 900 ex
1197 834 1283 904 brevi

142 939 257 1024 dialogi
285 945 451 1022 conspectu
473 947 712 1023 cognoscuntur.
748 939 896 1024 Inspicias
912 938 1004 1004 modo
1021 939 1095 1026 Gap.
1113 941 1141 1008 I.
1158 942 1238 1008 Sect.
1254 943 1281 1010 Ι

27 1139 28 1143 Ἰ
141 1047 159 1131 d
184 1049 200 1109 l
233 1052 264 1109 et
296 1048 316 1108 3
344 1053 375 1108 et
405 1043 477 1130 Gap.
503 1045 537 1109 ΙΙ
561 1053 592 1111 et
614 1046 678 1126 IV,
703 1052 740 1111 nt
762 1044 820 1110 tihi
844 1045 1044 1130 persuadeas,
1069 1047 1226 1114 Socratem
1247 1048 1282 1116 id

142 1151 259 1236 ubique
282 1173 370 1235 agere
392 1157 429 1215 ut
451 1151 640 1217 demonstret
662 1153 867 1238 sophistarum
890 1152 1072 1217 rhetoricam
1089 1152 1282 1235 essedaque

140 1261 290 1339 πρᾶγμα,
314 1258 401 1341 quasi
424 1264 542 1341 partem
564 1267 617 1334 τῆς
636 1267 855 1335 macerat-eutr.
879 1257 1057 1338 Rhetorica,
1074 1260 1218 1344 politica,
1236 1283 1284 1327 so·

140 1365 273 1451 phistica
294 1378 412 1444 (omnes
436 1372 497 1429 tres
520 1365 643 1447 rotela)
666 1366 779 1450 pariter
802 1365 875 1430 artis
899 1366 1024 1430 nomine
1052 1389 1178 1451 prorsus
1205 1367 1284 1434 indi·

141 1494 219 1558 gnae
241 1477 324 1536 sunt.
356 1467 467 1555 Neque
490 1471 633 1554 privatim
656 1494 756 1556 neque
779 1470 901 1555 publice
924 1470 982 1535 ulli
1004 1470 1088 1537 bono
1104 1473 1177 1537 usui
1192 1479 1282 1552 sunt,

142 1578 195 1642 sed
222 1583 329 1641 contra
359 1576 515 1660 perniciei.
554 1576 642 1641 Idem
669 1576 872 1662 judicandum
897 1576 935 1642 de
957 1577 1013 1656 iis',
1038 1600 1117 1663 quae
1140 1579 1282 1656 Socrates

141 1684 176 1746 in
199 1681 273 1766 Gap.
296 1681 357 1745 III.
381 1682 398 1766 q
417 1685 436 1744 t
454 1687 484 1745 et
500 1684 519 1744 3
536 1680 574 1745 de
590 1680 748 1764 Miltiade,
765 1681 884 1746 Pericle
901 1681 1030 1766 aliisque
1047 1684 1182 1768 politicis
1198 1684 1284 1750 dicit.

143 1787 274 1853 Omnem
304 1788 430 1852 omnino
461 1787 571 1851 horum
604 1796 636 1852 et
661 1788 799 1872 reliquae
822 1787 968 1870 antiquae
989 1787 1105 1873 gloriae
1129 1790 1283 1856 existima-

142 1895 258 1959 tionein
283 1900 314 1958 ct
338 1892 571 1958 admirationem
595 1916 632 1958 ex
656 1892 832 1958 audit-orum
847 1894 957 1959 animis
974 1894 1109 1959 eximens
1125 1917 1160 1960 ac
1178 1895 1283 1962 dolena

142 2001 236 2065 etiam
258 2001 369 2064 horum
392 1999 576 2065 rhetoricam
599 2008 630 2064 et
653 2000 809 2086 politicam
833 2021 958 2084 prorsus
981 2001 1100 2065 nullius
1124 2023 1199 2067 usus
1216 2022 1283 2066 esse

143 2105 350 2183 demonstrat,
383 2105 467 2190 ipsos
494 2105 682 2170 miserrimae
712 2105 899 2171 conditionis
931 2113 1090 2185 auctores,
1124 2105 1164 2170 ad
1191 2128 1284 2191 quam

143 2213 380 2277 Atheniensium
412 2213 565 2277 civitatem
594 2211 748 2298 delapsam
779 2211 920 2296 deplorat
952 2212 1081 2276 exitium
1113 2213 1178 2298 ejus
1202 2233 1308 2296 prae-⁴

143 2320 274 2404 sagiens.
317 2317 389 2398 Quo
418 2319 533 2403 majore
555 2319 636 2382 enim
657 2319 726 2404 jure
748 2317 861 2402 aliquis
885 2340 931 2384 ex.
956 2340 1000 2402 gr.
1024 2317 1157 2383 Pericles
1179 2340 1287 2383 sccun-

143 2425 217 2491 dum
241 2425 334 2489 Phdr.
358 2426 422 2488 269
447 2423 474 2488 E
497 2424 678 2497 retrotractus
701 2425 742 2497 εἰς
764 2425 816 2500 τὴν
837 2424 980 2506 ῥητορικὴν
995 2423 1014 2488 1.
1032 2446 1056 2489 e.
1070 2422 1285 2503 ἀκριβέστατος

142 2533 256 2603 πειθοῦς
279 2530 448 2610 δημιουργὸς
471 2529 532 2594 dici
555 2537 656 2614 potest
679 2538 710 2594 et
730 2551 834 2595 revera
848 2530 927 2608 fuit,
944 2551 979 2610 eo
999 2530 1095 2613 magis
1111 2528 1285 2595 seeundum

142 2637 299 2721 disputata
320 2637 353 2699 in
377 2635 492 2718 Gorgia
516 2636 720 2720 (ala-519)
745 2635 936 2720 culpandus,
962 2635 1045 2719 quod
1069 2635 1206 2719 neglexit
1232 2656 1281 2700 vc·

141 2764 205 2807 ram
229 2741 361 2806 civitatis
385 2740 529 2818 salutem,
554 2763 656 2805 veram
678 2742 792 2806 civium
815 2741 1009 2818 felicitatem,
1033 2741 1130 2818 λέγων
1154 2740 1223 2821 πρὸς
1245 2741 1281 2807 τὸ

141 2845 254 2926 {atteror
277 2868 340 2912 non
363 2846 432 2926 πρὸς
454 2847 488 2911 τὸ
510 2845 668 2924 βέλτιστον
688 2847 710 2910 i.
727 2869 754 2910 c.
777 2869 841 2911 non
864 2846 1039 2925 depraecatio
1058 2846 1236 2921 tractatura
1252 2852 1284 2911 et

141 2952 325 3034 σωφροσύνην
347 2952 561 3036 reliquamque
583 2953 729 3016 virtutem
753 2953 831 3037 (517
857 2953 908 3036 A).
950 2951 1020 3015 Jam
1044 2952 1119 3035 quid
1143 2952 1282 3016 Socrates

142 3058 203 3123 sibi
225 3058 294 3123 vult
313 3059 346 3122 in
364 3056 508 3123 omnihus
524 3057 573 3121 his
594 3064 625 3122 et
643 3057 770 3142 reliquis
790 3058 822 3121 in
845 3057 960 3141 Gorgia
979 3056 1143 3141 disputatis
1163 3056 1200 3120 de
1217 3056 1285 3121 illo·

141 3187 211 3229 rum
234 3164 386 3229 rhetorica
408 3164 456 3230 vel
481 3163 629 3249 politica?
657 3163 762 3228 Unum
787 3164 860 3241 hoc,
886 3170 921 3228 ut
943 3186 1009 3227 eam
1034 3164 1122 3248 qnasi
1145 3163 1280 3242 aboleat,
1376 3151 1381 3161 ⁵

143 3268 234 3333 aliam
258 3275 374 3347 artem,
395 3292 498 3334 veram
519 3269 723 3345 rhetoricam,
753 3290 855 3332 veram
877 3269 1033 3353 politicam
1057 3268 1228 3333 traditurus
1252 3273 1285 3333 et

144 3374 338 3439 auditoribus
361 3375 555 3459 probaturus.
584 3374 677 3455 Quod
700 3374 726 3438 si
742 3380 823 3439 recte
839 3374 988 3450 vidimus,
1005 3374 1099 3459 hujus
1115 3396 1201 3438 verae
1216 3373 1284 3438 rhe-

142 3481 255 3544 toricae
285 3480 452 3564 exploratio
476 3480 592 3565 dialogi
614 3481 717 3545 thema
740 3478 829 3544 nohis
854 3480 969 3565 aperiat
991 3500 1113 3544 necesse
1136 3485 1193 3545 est.
1236 3478 1285 3544 Do

143 3607 205 3670 qua
228 3585 361 3668 denique
385 3585 477 3670 panlo
502 3586 627 3652 uberius
650 3585 824 3649 dicendum.

187 3692 326 3756 Socrates
349 3714 365 3755 e
389 3691 521 3775 Gorgiae
546 3692 636 3756 dictis
659 3691 847 3755 occasionem
871 3688 948 3774 petit
970 3711 988 3753 a
1011 3711 1081 3754 vera
1100 3695 1165 3754 arte
1179 3689 1281 3754 rheto-

142 3797 205 3862 rica
227 3796 405 3862 exordiendi
428 3799 460 3862 in
484 3797 559 3882 Cap.
583 3797 607 3860 l.
631 3796 712 3861 Sect.
736 3796 763 3861 l.
786 3797 803 3881 q
830 3801 849 3860 2
874 3796 953 3876 (508
978 3794 1035 3880 0),
1061 3794 1162 3880 qualis
1187 3817 1222 3859 ea
1241 3795 1283 3860 sit

143 3911 174 3967 et
205 3904 284 3967 circa
311 3926 387 3988 quas
411 3927 457 3968 res
482 3909 634 3979 versetur,
658 3903 812 3987 copiosius
837 3901 1031 3985 exposituros
1055 3901 1088 3965 in
1112 3900 1187 3985 Gap.
1212 3899 1280 3980 III,

144 4010 227 4091 quod
256 4011 358 4094 ipsum
382 4017 481 4075 totum
507 4008 671 4074 inscribere
695 4009 813 4093 possis:
844 4009 892 4071 De
914 4029 983 4071 cera
996 4012 1070 4071 'crte
1086 4009 1214 4089 politica
1238 4008 1285 4073 aad

143 4115 296 4179 rhetorica.
321 4126 352 4180 et
374 4119 507 4202 partium
532 4118 596 4201 ejus
622 4115 766 4200 primam:
794 4115 881 4177 Circa
904 4135 977 4198 quaa
1000 4135 1047 4176 rea
1070 4135 1104 4176 ea
1124 4135 1174 4176 ara
1190 4135 1285 4178 ocrea

144 4224 202 4283 ter.
234 4221 417 4286 secundam:
451 4224 524 4307 lpas
548 4225 736 4304 praestantia
755 4243 833 4302 prae
854 4221 1049 4301 reparatarum
1072 4220 1227 4282 rhetorica.
1253 4225 1284 4285 et

144 4325 266 4390 tertiam
291 4326 350 4391 sic:
379 4328 523 4408 Quomodo
546 4329 611 4413 quia
634 4350 707 4413 qaae
730 4349 765 4391 ec
783 4327 934 4408 praecipit
945 4373 953 4402 ,
978 4330 1098 4388 omoioo
1120 4327 1248 4407 neglecto
1264 4349 1284 4390 a

143 4431 283 4513 reptatio
306 4439 333 4495 et
354 4434 500 4514 politicas,
526 4436 583 4498 cibi
605 4440 754 4516 comparat
776 4438 805 4498 et
826 4434 898 4498 aliia
917 4436 1027 4518 totique
1046 4431 1162 4496 ciuitati
1179 4437 1285 4512 imper·

145 4539 192 4602 tit.
229 4537 275 4602 Ex
299 4537 357 4602 hoe
381 4538 475 4622 igitur
499 4541 597 4624 capite
622 4539 797 4624 praesertim
822 4560 858 4602 ex
882 4538 948 4623 ejus
970 4539 1022 4623 §l
1046 4537 1137 4622 longe
1153 4537 1284 4622 plurima
