3038 5122
239 333 274 376 vr
323 256 330 267 ·
595 311 991 406 Puouneouaua

184 510 186 515 ’
240 516 368 588 ederem.
411 516 522 580 Adhuc
554 518 647 602 igitur
678 517 844 595 contendo,
874 517 1082 602 syllogismum
1106 515 1293 580 Socraticum
1317 518 1360 581 ita
1445 512 1451 522 ’

239 606 445 706 comparatum
467 646 551 702 esse,
575 632 610 688 ut
630 626 694 708 ipse
710 625 797 689 metri
814 625 910 688 instar
925 621 1084 688 subveniat
1099 623 1239 701 criticae,
1256 646 1359 707 quam·
1393 691 1395 696 ,

238 724 402 794 admodum
425 730 570 815 exemplis
593 731 712 794 ostendi
735 732 765 795 in
790 732 887 815 primo
910 731 1083 815 specimine.
1116 729 1165 792 Ita
1188 730 1269 794 enim
1293 752 1357 794 sese

238 833 349 899 habent
380 834 436 900 hae
465 838 695 920 argumentandi
718 837 880 913 formulae,
907 844 942 901 ut
965 858 1001 901 ex
1023 838 1060 902 iis
1083 835 1205 901 demum
1229 844 1304 919 quot
1328 845 1358 900 ct

236 941 407 1026 cujusmodi
430 943 501 1008 vitia
523 949 625 1008 textus
649 945 846 1028 contraxerit,
868 945 958 1010 verbo
980 953 1016 1009 ut
1038 944 1153 1020 dicam,
1172 966 1248 1028 quae
1266 943 1358 1008 fuerit

237 1070 300 1112 sors
323 1049 386 1132 ejus
410 1048 523 1115 discere
546 1050 714 1134 possimus..
746 1051 853 1135 ltaque
876 1051 950 1115 haec
972 1051 1160 1135 dialogorum
1185 1050 1356 1115 Platonico·

235 1175 303 1218 rum
327 1177 395 1238 pars
418 1177 471 1239 per
493 1177 524 1219 se
547 1177 670 1240 prorsus
692 1157 871 1241 dusrdtsroe
896 1167 941 1220 cst
964 1157 1051 1242 quasi
1075 1157 1223 1242 palaestra
1247 1157 1278 1220 in
1295 1177 1355 1240 qua

237 1260 305 1343 quis
321 1261 496 1345 omnigenas
512 1261 636 1326 mendas
656 1261 794 1339 eluendi,
816 1262 1022 1328 additamenta
1038 1263 1191 1348 ejiciendi,
1207 1262 1355 1347 imprimis

235 1375 336 1430 autem
359 1355 482 1431 lacunas
505 1367 646 1452 explendi
669 1374 738 1433 tuto
761 1369 929 1453 periculum
948 1369 1055 1446 faciat,
1073 1370 1185 1454 quippe
1201 1391 1219 1432 a
1234 1354 1365 1433 duabus

235 1471 419 1555 instructus,
445 1480 474 1537 et
497 1496 514 1537 a
537 1473 693 1539 dialectica
715 1474 804 1538 etiam
825 1475 951 1538 certiore
968 1474 1044 1539 duce
1060 1497 1149 1559 quam
1165 1484 1294 1539 metrum
1310 1481 1356 1538 est

235 1584 355 1662 poetam
378 1579 566 1659 emendanti,
591 1587 620 1644 et
644 1582 878 1664 agrammatica.
907 1579 998 1660 Quod
1016 1602 1076 1644 uon
1092 1581 1197 1664 paucis
1212 1579 1356 1665 exemplis

235 1683 267 1747 in
291 1683 386 1747 altero
410 1691 440 1749 et
458 1685 547 1749 tertio
564 1686 727 1771 specimine
743 1686 955 1751 demonstravi
984 1686 1088 1750 Unum
1105 1695 1206 1751 autern
1223 1693 1357 1772 superest

156 1848 160 1856 .
235 1788 317 1873 quod
340 1790 476 1855 nondum
500 1813 627 1875 nsquam
652 1792 757 1877 attigi,
782 1792 913 1876 Gorgiae
933 1800 1143 1877 argumentum
1165 1793 1227 1857 sive
1244 1793 1354 1857 thama.

235 1894 284 1958 Ad
317 1895 374 1960 hoc
405 1897 499 1980 igitur
521 1897 735 1962 inveniendum
759 1898 880 1963 tandem
905 1899 994 1962 etiam
1018 1886 1200 1988 syllogismis
1224 1897 1352 1962 ducibus

237 2023 309 2065 usus
341 2024 418 2067 snm.
454 2001 569 2067 Vereor
596 2009 716 2097 tantum
744 2025 784 2067 ne
811 2003 893 2088 quod
919 2004 974 2068 hac
998 2004 1045 2067 via
1067 2003 1169 2068 inveni
1192 2010 1222 2067 et
1244 2002 1353 2086 collegi

236 2106 356 2192 planius
385 2114 415 2172 et
438 2108 605 2193 simplicius
634 2096 773 2173 videatur
796 2131 871 2194 vago
895 2118 986 2193 atque
1009 2109 1127 2174 infinito
1150 2132 1167 2175 a
1189 2108 1261 2173 viris
1284 2107 1353 2172 doc·

160 2293 163 2302 Ι
235 2212 359 2278 tissimis
382 2221 548 2298 propagato
570 2213 688 2278 tamdiu
712 2213 862 2279 contentis
886 2223 915 2279 et
938 2217 1100 2281 consuetis.

276 2318 436 2393 Caeterum
461 2342 510 2384 me
533 2319 736 2403 quodcunque
760 2321 920 2405 vestigium
943 2322 976 2386 in
1000 2319 1155 2385 codicibus
1176 2315 1353 2406 hujusmodi

234 2431 264 2488 et
287 2425 491 2511 cujuscemodi
514 2424 777 2492 emendationibus
802 2427 956 2510 suffragari
978 2424 1213 2511 comperiebam,
1231 2425 1263 2488 id
1279 2447 1350 2488 nus·

207 2584 208 2588 ,
235 2551 324 2615 quam
354 2530 540 2615 neglexisse,
572 2553 633 2596 non
664 2553 741 2616 opus
770 2540 814 2595 est
836 2553 967 2596 monere.
1003 2530 1083 2595 Nam
1107 2531 1184 2594 hanc
1207 2531 1282 2595 viam
1307 2529 1352 2593 in·

233 2657 354 2720 gressus
378 2637 475 2719 etiam
498 2637 528 2700 in
552 2637 677 2722 reliquis
701 2636 814 2721 dialogi
837 2635 973 2721 partibus
999 2636 1093 2700 multo
1116 2636 1215 2700 acrius
1240 2637 1352 2700 instare

235 2740 341 2806 scribis
372 2742 575 2828 audaciusque
604 2764 654 2806 eos
677 2742 819 2827 persequi
842 2742 945 2807 didici.
990 2741 1072 2806 Olim
1096 2764 1145 2806 eae
1168 2743 1230 2806 fere
1252 2764 1353 2805 emen·

235 2846 371 2911 dationes
395 2847 474 2911 solas
499 2870 552 2932 pro
576 2848 654 2912 veris
678 2846 842 2925 habebam,
867 2870 945 2933 quae
962 2871 997 2912 ex
1014 2848 1123 2912 litteris
1138 2847 1350 2923 conficiuntur,

232 2976 326 3039 quum
351 2954 498 3039 cujusque
526 2954 644 3019 litterae
667 2953 794 3018 ductum
818 2976 937 3018 summo
961 2953 1063 3018 studio
1088 2975 1122 3016 ac
1145 2974 1261 3016 summa
1285 2951 1353 3016 reli·

127 3050 130 3055 ¹
230 3058 320 3143 gione
351 3058 560 3137 observarem,
593 3061 707 3146 quippe
738 3060 889 3125 nihildum
919 3060 980 3124 fere
1009 3046 1203 3145 syntectices
1219 3078 1352 3140 compos.

231 3163 302 3244 Quo
326 3165 439 3229 factum
463 3174 525 3242 est,
552 3173 685 3252 atquae
709 3166 950 3249 emendationes,
972 3186 1063 3229 sensu
1080 3163 1211 3250 quodam
1228 3163 1354 3239 ductus,

233 3259 405 3355 conjectura
428 3270 558 3354 quadam
581 3271 727 3348 feceram,
755 3271 862 3336 harum
887 3293 970 3336 nunc
992 3270 1113 3334 demum
1138 3270 1270 3334 rationes
1292 3268 1356 3334 red·

166 3441 168 3444 ,
194 3357 196 3363 λ
232 3374 302 3439 dere
340 3384 577 3460 argumentisque
613 3377 778 3460 syntectica
815 3376 919 3440 afferre
952 3376 1075 3461 possim.
1130 3374 1221 3440 Nunc
1255 3382 1355 3438 autem

205 3491 210 3513 ⁴
235 3503 295 3545 non
332 3481 428 3544 solum
464 3481 495 3546 in
527 3482 679 3546 vocabulis
711 3483 784 3566 ipsis
815 3481 947 3545 offensus
977 3481 1056 3569 haec
1081 3481 1228 3566 imprimis
1258 3500 1356 3543 emen·

234 3586 305 3650 dare
337 3596 462 3651 conatus
494 3609 580 3664 sum,
613 3587 665 3651 sed
696 3589 784 3651 etiam
813 3586 975 3651 dictionem
1001 3593 1030 3650 et
1054 3585 1176 3650 omnino
1193 3591 1354 3675 construc-

235 3692 347 3758 tionem
382 3690 516 3757 Atticam
544 3693 700 3757 nonnullis
723 3693 796 3756 locis
818 3694 978 3757 restituere
1002 3692 1148 3783 imprimis
1172 3694 1272 3754 autem
1296 3711 1355 3752 sor·

233 3796 318 3861 dium
355 3798 533 3882 farraginem
569 3799 726 3884 expellere.
775 3797 854 3862 Vide
887 3820 932 3863 ex.
963 3819 1007 3882 gr.
1039 3798 1102 3859 452
1134 3797 1179 3870 A,
1210 3794 1311 3858 locum
1339 3815 1355 3856 e

56 3921 59 3925 ’
132 3986 134 3988 q
235 3902 393 3988 Qmposic
426 3903 462 3967 ad
496 3904 557 3970 517
583 3906 629 3980 A,
654 3911 684 3969 et
706 3905 856 3988 imprimis
880 3905 941 3967 525
966 3901 992 3965 B
1015 3908 1045 3964 et
1066 3899 1101 3964 Ο.
1142 3899 1278 3963 Ultimus
1301 3899 1355 3962 hc·

232 4031 301 4073 rum
336 4009 472 4073 locorum
506 4011 641 4073 omnium
677 4009 829 4073 vilissimis
864 4005 1144 4091 interpretamentis
1175 4004 1355 4089 depravatus

229 4122 319 4198 atque
347 4123 508 4190 oneratus,
540 4138 617 4199 quae
640 4116 809 4179 maximam,
823 4123 960 4199 partem,
986 4120 1143 4196 postquam
1170 4132 1273 4174 omnes
1297 4110 1358 4195 syl-

116 4283 120 4290 ,
234 4220 380 4304 logismos
420 4220 589 4306 exploravi,
631 4221 751 4284 demum
790 4218 949 4283 offensioni
987 4217 1061 4285 mihi
1095 4216 1235 4293 fuerunt,
1257 4223 1358 4279 antee

230 4347 290 4388 non
315 4326 442 4389 fuerunt
467 4348 566 4410 neque
589 4348 653 4389 esse
678 4330 854 4410 potuerunt.
890 4322 1010 4386 Etenim
1035 4321 1218 4406 syllogismi,
1239 4329 1274 4384 ut
1291 4329 1354 4384 tan·

230 4429 297 4493 dem
332 4430 476 4515 explicem
501 4453 590 4515 quem
615 4452 702 4494 usum
726 4429 855 4513 diligens
880 4450 983 4493 eorum
1008 4427 1165 4511 inquisitio
1188 4426 1292 4490 afferat
1314 4425 1352 4489 ad

134 4604 137 4612 ,
230 4535 365 4600 criticam
388 4536 420 4599 in
443 4535 562 4620 reliquo
588 4534 709 4619 dialogo
733 4533 946 4610 exercendam,
970 4554 1024 4617 per
1047 4554 1078 4596 se
1098 4531 1352 4599 accuratissimam
