3038 5122
644 286 903 354 GORGIAS.
1272 285 1337 354 103

205 515 294 566 νιμοι,
320 490 336 566 ἢ
359 491 383 556 ci
402 488 542 573 ἄφρονες;
556 528 600 539 -
614 500 707 557 ΚΑΛ.
722 486 816 569 Οίμαι
832 489 924 569 ἔγωγ’
939 494 970 556 οὐ
985 490 1068 557 πολιί-
1077 516 1104 555 τι
1123 490 1275 573 διαφόρειν.
1292 528 1335 540 -

206 605 276 662 ΣΩ.
300 598 388 661 Ἀλλ’
410 599 495 676 ἀρκεῖ
513 596 562 661 ναί
582 603 678 667 τοῦτο.
701 597 729 661 ἕν
744 596 861 677 πολίμιρ
877 597 900 661 δ’
917 597 966 673 ἤδη
982 591 1055 670 εἶδες
1066 594 1155 677 ἄνδρα
1167 596 1276 674 δειλόν;
1293 634 1337 646 -—

204 711 296 768 ΚΑΛ.
331 706 395 774 Πῶς
429 703 488 782 νάρ
517 702 566 781 οὕς
599 741 643 750 -
673 712 745 769 ΣΩ.
776 703 818 767 Τί
848 697 910 781 oris,
940 702 1082 768 ἀπιόντων
1108 708 1163 768 τῶν
1186 702 1333 782 πολεμίων

205 807 316 888 πότεροί
344 831 386 872 σοι
417 807 526 874 ε’δόκουν
556 811 673 886 μῖιλλον
703 808 834 889 χαίρειν,
865 809 888 874 oi
919 808 1021 889 δειλοὶ,
1045 807 1062 882 ἢ
1085 808 1109 872 οί
1133 809 1268 889 ἀνδρείοις
1292 846 1336 858 -—

170 916 297 985 BKAA.
326 912 504 993 Ἀμφότεροι
528 913 628 990 ἔμοιγε
651 919 777 991 μᾶλλον·
801 916 825 979 εί
849 913 878 978 δδ
900 910 961 990 uie,
986 913 1267 992 trecentesimum.
1294 951 1337 963 -

205 1028 277 1084 ΣΩ.
303 1019 393 1083 Οὐδὲν
416 1019 554 1101 διαφέρει.
577 1019 710 1102 χαίρουσι
734 1019 759 1084 δ’
784 1013 829 1084 οὖν
851 1018 901 1084 κοιλ
925 1019 948 1083 οἱ
968 1018 1055 1084 δειλοί
1062 1043 1071 1096 3
1088 1056 1132 1067 -
1147 1028 1241 1085 ΚΑΛ.
1258 1019 1338 1104 Σφό-

204 1125 256 1205 δρα
287 1149 333 1201 ρε.
366 1161 409 1173 -
438 1135 511 1191 ΣΩ.
543 1125 600 1190 Καί
632 1126 656 1192 οἱ
687 1123 827 1207 ἄφρονες,
850 1127 887 1198 ὥς
911 1123 991 1192 ἔοικε.
1016 1162 1059 1173 -
1081 1134 1172 1191 ΚΑΛ.
1196 1129 1268 1191 Ναί.
1291 1163 1336 1175 -

205 1239 276 1295 ΣΩ.
299 1229 469 1308 Προσιόντυν
491 1231 515 1294 δ
537 1232 562 1296 ci
585 1231 669 1296 δειλοί
692 1233 768 1309 μόνοι
792 1235 969 1310 λυποῦνται,
992 1228 1010 1307 ἢ
1033 1228 1082 1294 καλ
1102 1230 1126 1295 oi
1141 1230 1277 1311 ἀνδρείοις
1292 1264 1336 1281 -

142 1342 147 1357 “
205 1345 297 1401 ΚΑΛ.
327 1334 513 1424 Ἀμφότεροι.
542 1374 586 1388 -
615 1347 685 1402 ΣΩ.
705 1336 773 1416 ’Ἆρ’
795 1337 917 1413 όμοίυς;
941 1371 985 1386 --
1007 1346 1100 1401 KAA.
1122 1340 1248 1401 Μοῖλλον
1271 1335 1338 1411 ίσυς

123 1442 156 1523 j
204 1442 228 1506 οί
259 1441 353 1506 δειλοί.
385 1462 425 1490 -’-
459 1452 532 1508 ΣΩ.
564 1442 722 1508 Ἀπιόντιον
745 1443 769 1506 δ’
791 1443 822 1506 οὐ
844 1444 961 1520 μᾶλλον
982 1442 1151 1521 χαίρουσιν;
1175 1477 1219 1492 -
1242 1452 1337 1510 ΚΑΛ.

200 1545 295 1618 Ἴσιος.
319 1583 362 1594 -
385 1556 457 1612 ΣΩ.
481 1550 592 1612 Οὐκοῦν
613 1554 774 1613 λυποῦνται
797 1547 850 1625 μὲν
872 1546 922 1612 κοιλ
946 1547 1078 1627 χαίρουσι
1097 1546 1146 1610 καί
1166 1548 1196 1611 σί
1207 1547 1331 1628 ἄφρονες

206 1652 254 1718 κοιλ
285 1653 310 1718 οἱ
338 1651 467 1732 φρόνιμοι
494 1652 543 1717 κοιλ
573 1653 597 1718 oi
620 1652 703 1725 δειλοί
726 1654 775 1718 κοιλ
798 1653 822 1718 οί
845 1653 959 1733 ἀνδρεῖοι
984 1651 1213 1733 παραπλησίως,
1237 1655 1274 1725 ὥς
1300 1654 1337 1720 σὺ

173 1759 281 1840 Οφλς,
310 1762 427 1837 μᾶλλον
452 1756 476 1822 δ’
494 1759 519 1822 οί
541 1757 624 1823 δειλοί
647 1763 703 1824 τῶν
725 1758 872 1839 ἀνδρείους
895 1796 939 1810 -
961 1766 1055 1824 KAA.
1080 1742 1168 1836 Φαραί.
1192 1797 1238 1809 -
1262 1769 1337 1826 ΣΩ.

204 1908 256 1957 huc
279 1906 383 1972 respicit
407 1905 492 1956 dicens
522 1909 549 1957 Τί
572 1907 623 1975 δαίς
649 1909 745 1972 ἀγαθολς
794 1909 871 1966 δειλός.
899 1906 958 1956 Duo
980 1906 1042 1956 odeo
1067 1905 1164 1957 diverse
1185 1906 1260 1958 Pisto
1276 1923 1338 1958 nus·

206 1974 290 2043 ἀνδροες
311 1975 386 2031 saitis
408 1974 458 2031 εολς
477 1979 575 2042 ἀρρονοες
591 1979 629 2026 καί
646 1975 743 2032 δειλολςς
793 1989 870 2039 quem
885 1972 1034 2033 confundit,
1051 1973 1094 2022 sed
1111 1973 1246 2039 seperatim
1263 1973 1337 2024 niter·

206 2040 288 2090 Antee
304 2045 388 2089 entem
404 2039 432 2087 in
450 2041 495 2089 494
515 2039 537 2087 Β
555 2045 580 2089 et
597 2039 745 2090 OOeilicles
793 2043 881 2089 utrum
897 2037 1055 2104 eorumjcum
1074 2054 1120 2090 suo
1132 2040 1262 2096 ‚contrerm
1273 2045 1339 2090 trec·

207 2105 298 2156 diserte
319 2107 371 2164 ποιλς
392 2107 495 2172 βελτίονς
518 2110 561 2170 (=
578 2108 674 2170 ἀγοδολς
690 2105 744 2170 hic)
794 2108 839 2155 ist.
865 2105 1036 2172 Inspiciamus
1055 2121 1124 2155 nunc
1141 2106 1337 2175 argumentatio·

140 2214 143 2219 .
206 2172 302 2222 dinem
313 2174 364 2230 εσλς
372 2175 489 2241 φρονίμους
497 2176 522 2221 et
530 2172 651 2250 ἀνδρείας.
667 2172 746 2233 Quod
794 2187 859 2222 nem.
885 2171 919 2221 In
937 2172 984 2220 498
1001 2171 1026 2221 Α
1044 2170 1160 2222 Socrates
1178 2172 1263 2222 dicens
1283 2169 1340 2224 Ἀλλ’

207 2238 326 2289 ultimum
350 2239 463 2288 Socrates
480 2254 548 2288 nunc
564 2255 592 2288 m
608 2240 678 2298 loco,
695 2254 746 2303 quo
793 2243 861 2309 ciprii
877 2243 915 2291 κοιλ
931 2243 999 2290 τοῦτο
1015 2237 1123 2288 absolvit
1139 2237 1171 2288 de
1188 2242 1340 2308 ρρονίμοιςυδ
1383 2272 1415 2308 ψ,

207 2303 238 2354 de
247 2305 356 2368 egimm,
368 2303 425 2353 vult·
433 2303 547 2354 Callicles
556 2304 602 2354 sibi
613 2304 746 2365 concedet,
795 2310 891 2374 ἀρροοι,
917 2309 953 2354 et.
966 2304 1086 2354 continuo
1109 2305 1201 2371 incipit
1217 2305 1339 2356 disserere

126 2384 129 2388 ’
206 2370 292 2420 dicens
312 2373 338 2421 ολ
359 2375 407 2440 γὰρ
428 2375 485 2439 ἀρτι
504 2390 544 2436 γε,
568 2373 627 2422 ἀλλά
643 2372 694 2428 scir
709 2376 746 2422 ἀν-
795 2371 826 2420 de
848 2371 888 2422 ἀνδ
917 2373 958 2430 ίοις
978 2374 1004 2419 et
1027 2371 1106 2430 δειλοῖς
1121 2387 1241 2436 quaerens
1259 2377 1280 2424 o
1297 2388 1339 2423 πο·

208 2438 292 2507 δρείους
308 2440 346 2489 κοιλ
363 2439 495 2506 φρονίμους,
513 2441 528 2496 ἡ
545 2439 569 2488 οδ
585 2439 675 2495 τοὺεους
685 2443 747 2502 ἀρα·
795 2439 858 2505 unp
896 2435 902 2452 '
923 2439 966 2496 ete
988 2438 1045 2496 εἶδες
1067 2438 1139 2507 ἀνδρα
1162 2439 1245 2505 turen
1273 2438 1340 2498 Quis

207 2506 256 2562 δοδς
278 2505 367 2570 anien,
389 2503 422 2552 ed
445 2519 508 2567 quee
532 2518 582 2552 non
599 2504 749 2589 respondere
796 2503 875 2568 igitur
892 2509 943 2562 est,
960 2504 1004 2569 qui
1021 2502 1342 2575 ferstverbeuaioieippc·

206 2585 258 2620 non
275 2568 350 2618 sudet
367 2567 483 2618 Ocilicies
500 2575 563 2621 Πάνυ
573 2573 616 2634 ρελν
628 2589 671 2621 ουν.
688 2569 748 2619 dem
796 2589 830 2628 νις
846 2596 880 2608 -
896 2572 948 2622 Ναί.
966 2569 1057 2619 mediis
1074 2569 1126 2620 illis
1143 2571 1174 2620 de
1190 2573 1299 2648 ἀνδρείοις
1315 2575 1342 2621 et

109 2674 112 2678 .
206 2636 256 2686 hoc
278 2635 416 2685 concedens
434 2634 550 2685 Oeiiicles
566 2636 643 2684 simul
660 2651 746 2686 conce·
795 2636 876 2693 δειλοῖς
886 2635 1341 2704 immixtc,idqueintsrpos1teintsr

208 2701 252 2752 det
268 2716 366 2750 necesse
382 2705 420 2750 est
437 2703 516 2760 κακῶς
531 2716 584 2750 esse
600 2702 748 2761 reieceritis
795 2707 904 2755 ἀπιόντων
927 2713 970 2755 τῶν
984 2705 1097 2769 πολεμίων
1113 2702 1151 2760 (in
1167 2702 1202 2768 Α)
1219 2707 1245 2752 et
1261 2713 1341 2773 Προο-

207 2772 257 2845 ιιοιλ.
270 2772 377 2836 ἀρρονας.
408 2755 499 2882 Iuppe
522 2774 645 2883 ⁵83&
670 2784 747 2834 quem
796 2774 870 2844 ιονεοιν
895 2767 976 2844 δίχα.
1001 2780 1047 2820 πῶν
1067 2768 1196 2834 πολεμίων)
1222 2769 1260 2834 (in
1284 2769 1340 2834 B)?

208 2839 299 2884 acriter
323 2835 436 2883 Secretes
483 2833 542 2883 clu
575 2837 747 2884 tmconstcn·
796 2833 869 2894 Quid
893 2849 960 2883 emm
977 2850 1109 2884 commune
1126 2841 1209 2904 ἄρρεσι
1225 2850 1284 2885 cum
1300 2853 1341 2887 πο·

208 2900 270 2951 tium
281 2904 306 2950 et
316 2899 481 2950 temeritatem
493 2897 618 2958 Gelliclis,
634 2900 678 2965 qui
689 2916 749 2950 sune
796 2903 897 2964 λεμίοιςὲ
924 2899 1053 2950 Praeterea
1076 2901 1146 2961 vide,
1163 2917 1239 2966 quum
1255 2901 1340 2967 inepte

208 2966 306 3017 theseos
320 2966 348 3014 in
360 2967 421 3023 495,
434 2965 571 3016 secundum
582 2981 657 3030 quem
668 2971 749 3032 ἀγαθοὶ
797 2981 865 3016 nunc
881 2970 981 3015 tentum
998 2969 1089 3036 χαίρειν
1104 2970 1155 3026 τολς
1172 2974 1270 3037 ἀρρονας
1281 2983 1340 3016 con·

208 3032 345 3083 necessario
368 3035 388 3083 οί
411 3037 506 3102 ἀρρονες
527 3037 564 3084 κοιλ
580 3033 663 3096 δειλοί,
683 3047 750 3083 nunc
797 3031 882 3082 veniet
905 3032 972 3083 inter
996 3033 1168 3099 disputantes,
1192 3036 1341 3099 intorques

210 3099 302 3149 stolide
309 3098 448 3153 immemor,
458 3101 538 3158 κακολς
546 3104 631 3148 temen
638 3113 691 3148 esse
699 3101 751 3158 εολς
798 3114 888 3164 supro,
911 3102 969 3148 ente
990 3098 1034 3148 ille
1051 3096 1107 3151 ’Δλλ’
1122 3106 1188 3171 ἀρκεῖ
1204 3105 1242 3152 καλ
1258 3104 1338 3166 τοῦτο,

209 3171 308 3236 ἀρρονας
330 3168 367 3216 καλ
390 3167 472 3224 δειλοὺς
489 3165 586 3215 Socrati
603 3167 750 3216 consentiet.
795 3165 849 3230 jem
875 3170 1036 3224 convenerat,
1061 3181 1102 3216 ecs
1127 3175 1152 3216 et
1176 3171 1294 3221 λυπεῖσθαι
1315 3170 1342 3216 et

209 3232 281 3293 Quae
298 3230 408 3279 OsHiclis
426 3230 552 3280 stoliditas
568 3231 644 3280 etiem
659 3231 751 3281 clerice
799 3233 900 3300 χοίρειοι
923 3245 974 3296 quo
990 3235 1098 3297 utroque
1114 3249 1230 3284 concesso
1246 3235 1341 3298 puriter

209 3297 362 3348 enteoculos
373 3297 478 3362 ponitur
488 3297 750 3361 inergumenteticne,
800 3312 864 3363 opus
881 3313 933 3348 csse
950 3303 1054 3363 epperet
1070 3313 1100 3348 ex
1110 3300 1258 3365 repetitione
1270 3313 1340 3365 prce·

209 3365 251 3414 cui
266 3364 316 3413 toti
330 3362 589 3428 illepmemittuntur.
608 3363 752 3414 cumcuim
799 3364 935 3413 missorum
959 3365 987 3412 in
1011 3364 1034 3414 B
1059 3365 1103 3415 fln.
1128 3369 1208 3419 οὐκοῦν
1222 3371 1342 3418 λυποῦνταε

208 3433 249 3491 ἡδὺ
270 3430 305 3478 sit
327 3449 358 3474 =
381 3434 464 3495 ἀροθδο
485 3434 510 3479 et
532 3434 623 3499 ἀνιαρόν
638 3450 670 3474 =
688 3435 753 3484 κουεδι
799 3433 842 3494 μίν
863 3434 901 3483 uui
924 3434 1030 3499 χαίρουσι
1053 3434 1100 3484 καί
1114 3437 1135 3484 oi
1156 3441 1250 3503 ἀρραες
1266 3435 1342 3484 καλοί

209 3496 347 3548 secundum
365 3496 506 3551 Calliclem,
528 3501 553 3546 et
568 3512 626 3545 cum
637 3497 752 3562 utrisque
799 3503 902 3565 ρρόνιμοι
919 3500 966 3548 xri.
995 3497 1127 3562 Ejiciende
1143 3499 1221 3563 igitur
1238 3513 1281 3547 sex
1297 3497 1342 3548 ille

209 3569 234 3614 et
257 3565 372 3633 φρονίμοις
388 3565 425 3614 κοιλ
441 3563 549 3631 ἀνδρείοις
565 3567 590 3611 et
607 3568 693 3633 ἀρροσι
711 3567 750 3616 καλ
797 3563 878 3611 verbe.
906 3574 929 3614 Σ.
953 3567 997 3614 Καὶ
1017 3568 1037 3615 ολ
1055 3570 1165 3634 ἄρρενες,
1183 3569 1213 3623 ολς
1229 3569 1294 3616 ferne
1310 3575 1338 3616 K.

209 3631 287 3687 δειλοῖς
311 3633 448 3692 utrumque
469 3629 509 3686 ἡδλ
533 3632 558 3678 et
580 3633 671 3697 ἀνιαρόν
692 3630 748 3680 ie.
796 3628 997 3706 Nci,idquesole
1005 3630 1341 3693 dialecticeduce-Argn·

149 3728 154 3742 .
209 3700 292 3762 ἀγαθον
315 3699 340 3744 et
365 3699 432 3745 κοκδι
455 3695 541 3744 edesse
565 3695 748 3758 argumentanti
796 3699 981 3744 mentcnonum
992 3696 1020 3745 in
1032 3696 1126 3760 Gergis
1137 3697 1267 3746 obviorum
1278 3696 1340 3745 hece

210 3760 306 3813 Socrati
332 3761 452 3811 concedet
478 3759 605 3816 Callicles,
629 3768 749 3826 utrosque
799 3759 853 3809 sine
869 3761 948 3810 dubio
965 3761 1078 3812 omnium
1095 3763 1288 3829 simplicissime.
1304 3760 1341 3811 lut

227 3830 302 3880 ariter
324 3833 350 3877 et
371 3829 451 3886 κακῶς
468 3831 494 3876 et
513 3827 609 3891 ἀραόοιίς
625 3842 678 3876 esse
694 3833 748 3877 tun·
798 3841 855 3875 cum
879 3831 978 3893 prester
1002 3844 1044 3887 ee,
1069 3845 1133 3894 ques
1157 3829 1341 3888 indicavimus,

208 3846 266 3946 gem
290 3909 342 3943 non
367 3893 500 3943 concedere
521 3907 572 3941 non
588 3896 687 3958 potest,
704 3909 749 3944 nec
796 3892 893 3957 relique
915 3893 1000 3943 omnio
1022 3895 1089 3944 sulse
1111 3895 1164 3945 sint
1186 3899 1212 3945 et
1230 3895 1340 3958 integre,

209 3979 260 4012 non
277 3960 356 4023 igitm
371 3961 463 4009 iterum
479 3961 576 4024 ἀγαθολς
586 3960 636 4016 reis
649 3965 749 4029 ἀρρσνοες
796 3959 866 4008 nulle
889 3959 1029 4010 emendatio
1049 3961 1088 4011 vel
1109 3961 1234 4011 tironibus
1251 3960 1342 4010 cisrior

209 4035 247 4082 καὶ
272 4022 373 4094 inicis,
396 4026 491 4092 quippe
515 4027 559 4090 qui
581 4041 696 4074 assensus
715 4027 749 4075 sit
798 4029 823 4074 et
845 4024 984 4075 evidentior
1005 4043 1058 4077 esse
1108 4032 1165 4077 test.
1190 4029 1277 4092 Neque
1294 4027 1340 4076 du·

208 4099 297 4161 ἀγιιθῶν
313 4097 357 4155 (--
373 4093 452 4156 ἡδίων)
467 4099 583 4161 παρόντων
593 4093 750 4156 ἀραδοδςοτοο
797 4090 865 4150 bito,
882 4092 944 4156 quin
961 4092 1056 4156 siquis
1092 4110 1138 4143 enc
1153 4096 1341 4159 peuloeccure·

209 4164 260 4219 w),
275 4159 383 4222 ἀναδοὺς,
398 4162 423 4206 et
434 4170 504 4210 κακῶν
515 4161 559 4222 (=
567 4161 675 4226 ἀνιαρῶν)
687 4177 751 4230 περ·
798 4157 849 4206 tius
867 4158 1072 4218 consideraverit,
1089 4160 1111 4208 is
1128 4161 1203 4211 etiem
1215 4159 1340 4227 promtius

209 4236 276 4280 οντων
291 4226 369 4281 κακολς
385 4239 437 4273 esse
453 4227 503 4282 τοὺς
518 4228 603 4282 κοινοὺς.
797 4223 982 4289 opprobeturus
999 4225 1033 4274 sit
1049 4227 1233 4277 emendationes
1251 4225 1278 4275 in
1290 4224 1340 4291 syl·

244 4295 290 4343 498
308 4291 330 4338 Β
348 4300 370 4339 Σ.
386 4294 430 4342 Καί
447 4294 468 4341 οδ
484 4298 578 4359 ἀρρονες
592 4316 626 4328 -
640 4303 666 4343 ι.
678 4293 742 4355 nui]
797 4289 909 4354 logismis
919 4291 1141 4356 impliceticribus,
1152 4308 1259 4358 querum
1268 4292 1341 4355 longe

210 4358 291 4412 sicuti
308 4361 424 4422 ίπιοελμη
441 4362 466 4406 et
482 4359 574 4423 ἀνδρεία
588 4357 749 4407 diverseeres
797 4356 913 4421 plurimis
938 4357 1013 4406 etiem
1036 4359 1198 4422 grammatice
1222 4358 1340 4420 sudrige-

209 4431 284 4483 aunt,
306 4423 342 4472 sic
366 4423 417 4471 duo
435 4421 533 4472 diverse
550 4428 624 4483 sunt,
641 4423 748 4474 alterum
796 4426 846 4471 tur.
870 4450 903 4459 -
925 4422 959 4471 In
980 4425 1103 4489 proximis
1124 4433 1264 4497 Προειδντοιν
1283 4420 1341 4476 δὀί

208 4501 315 4614 mg
340 4489 746 4626 ffizaeuffnwowfffflss
794 4489 953 4622 ἓερέολμρρωδνον
976 4492 1095 4544 λυποῦνται
1117 4493 1256 4559 requiritur
1276 4496 1341 4558 μόνοι
