3038 5122
650 303 906 370 conclis.
1274 273 1347 366 ’νιν
1395 361 1401 378 ,

139 558 145 573 ·
173 558 178 575 ν
219 511 419 592 τιμωρουμένῳ
449 510 466 586 ἢ
495 509 622 587 βελτίονι
653 508 804 586 γίγνεσθαι
836 505 885 572 καί
915 505 1055 573 ὀνίνασθαι
1085 504 1353 584 νίταραδείγμοιτιΙ

182 647 189 664 ·
222 614 306 692 [τοῖς]
338 615 438 688 ἄλλοις
468 615 638 693 γίγνεσθαι,
668 611 701 680 ἵν’
731 611 817 680 ἄλλοι
839 615 953 694 ὁρῶντες
975 607 1117 692 αοίσχονθ
1135 609 1160 693 e
1183 609 1219 677 θον
1242 608 1348 693 τοίοχν

221 803 252 851 τὰ
270 784 453 868 παραδείγματα
469 799 576 861 γίγνεται·
593 800 631 848 καί
648 794 708 848 οὗτοι
726 799 765 847 αὖ·
814 793 957 853 videamus,
980 794 1037 844 luce
1059 793 1150 844 clarius
1166 799 1285 860 apparet,
1301 795 1356 862 opi·

221 871 257 917 τοὶ
279 870 322 928 μίν
341 867 413 916 οὐκέτι
431 866 542 914 θνίνανται
558 864 633 927 citis,
652 861 690 913 ἅτ’
705 865 766 913 ἀνία-
816 876 874 918 nor,
892 860 998 917 sciolum
1018 861 1168 911 scribentem
1185 866 1200 920 ἣ
1212 865 1309 929 βελτίονι
1320 867 1356 927 yi-

222 951 258 984 τοι
281 933 355 991 ὄντες,
376 933 441 981 οίλλοι
461 928 480 980 δ’
496 934 618 993 ὀνίνανται,
638 933 659 980 σί
675 931 766 986 τοὺτους
813 931 904 992 ρνεσθαι
913 932 951 979 καί
960 929 1071 980 ὀνίνασθαι
1079 926 1193 978 ίτοιοάοειε
1203 929 1357 979 commisisse
1434 960 1441 977 .

222 1000 316 1067 δρῶντες
333 999 372 1046 διθε
386 1001 428 1053 τὰς
444 998 564 1062 ἁμαρτίας
575 1000 605 1045 τὰ
616 1002 717 1059 μέγιστα
729 998 766 1045 καί
815 1009 894 1058 neque
910 994 993 1042 hilum
1010 994 1112 1059 quidem
1126 995 1266 1060 percepisse
1276 995 1356 1044 subti-

138 1106 141 1112 -
222 1066 376 1133 ίλιντρθτατα
398 1065 436 1114 καί
460 1067 613 1128 φοβερώτατα
638 1065 701 1118 τάθη
717 1067 764 1132 τά.
814 1059 894 1109 litatis
916 1059 1055 1109 disserendi
1078 1064 1104 1110 et
1126 1061 1225 1110 dicendi
1244 1061 1357 1112 Platoni·
1439 1110 1442 1117 ,

223 1149 319 1197 σχσντας
344 1133 382 1180 τδν
402 1132 439 1178 αεὶ
460 1135 553 1196 χρόνω,
571 1133 672 1213 ατεχναρς
687 1140 764 1195 παρα·
813 1141 863 1203 eae.
893 1125 968 1175 (ierto
995 1125 1074 1190 igitur
1100 1126 1193 1176 certius
1218 1127 1358 1204 abjicienda

224 1197 340 1260 δείγματα
360 1200 526 1261 ἀνηρτημένους
548 1197 593 1243 luri
616 1198 637 1242 ίν
665 1194 729 1244 Δεδου
744 1197 766 1242 a
813 1191 857 1241 lile
872 1194 971 1258 βελτίονι
984 1195 1095 1257 γίγνεσθαι
1110 1197 1160 1244 καλε
1174 1197 1249 1257 etque
1263 1193 1358 1257 histri·

224 1272 258 1328 τῷ
272 1265 435 1328 δεσμωτηρίῳ,
448 1267 496 1316 τοῖς
507 1263 544 1310 ἀεὶ
554 1271 600 1310 τῶν
609 1260 689 1309 ἀδίκων
699 1265 764 1326 sipta-
813 1259 861 1307 bus
877 1260 959 1307 verbis
972 1260 1079 1335 'abjectis
1096 1275 1147 1309 non
1163 1259 1272 1324 amplius
1286 1275 1358 1309 aures

222 1347 259 1381 ε
314 1329 697 1456 rim
710 1390 768 1440 ν,
815 1323 1015 1441 ννννν
1031 1328 1212 1441 cnm
1236 1330 1389 1444 νιν

184 1491 188 1497 ·
224 1464 250 1511 et
266 1458 402 1511 luculenta.
419 1457 504 1534 Quam
520 1456 610 1506 vallem
626 1407 767 1533 camisinus
815 1459 884 1509 ἄλλον
906 1406 982 1533 {pter
1010 1466 1174 1534 τιμωρωμενῳ
1200 1408 1358 1524 ‹iiiiorsmus

225 1521 769 1656 ἓίιίίωὲἲῖίίῗοτῗλῗτιίαᾞῖἐὲ
817 1523 938 1648 iudai,
949 1524 1030 1639 iiii
1038 1529 1359 1656 είῗίίίεᾝίίδᾞῖ

226 1657 334 1708 volutati
356 1661 431 1716 sunt,
455 1654 486 1704 de
502 1653 609 1719 singuiis
626 1654 769 1705 dicendum.
817 1655 877 1704 tatis
901 1655 980 1720 igitur
1002 1671 1077 1706 causa
1092 1656 1212 1722 inspicias
1230 1656 1277 1708 476
1294 1656 1317 1707 E
1335 1660 1360 1707 et

226 1723 289 1775 Post
312 1731 346 1791 τῷ
362 1727 384 1774 ίν
399 1723 502 1790 τιμωρίᾳ
519 1721 565 1772 ἐ’ντι
581 1720 770 1786 adscripserunt
818 1721 865 1771 478
890 1721 927 1778 A,
950 1721 994 1771 ubi
1017 1721 1135 1786 leguntur
1154 1721 1209 1787 ipss
1225 1722 1270 1772 illa
1286 1723 1360 1772 verbe

131 1842 134 1847 ,
172 1812 175 1819 ’
226 1790 301 1840 νοτίαν
323 1789 361 1843 ὑπ’
379 1792 448 1840 ἄλλον
465 1793 535 1856 ὀρθῶς
550 1795 727 1857 τιμωρουμένῳ,
745 1790 770 1836 et
818 1787 861 1839 tae
883 1792 1017 1850 κολάζοντος,
1034 1789 1078 1853 (=
1100 1788 1263 1857 τιμωροῦντος)
1279 1792 1304 1838 et
1320 1793 1360 1857 θρ·

169 1881 174 1894 ·
226 1855 351 1916 interiet
360 1859 473 1906 ὀνίνασθαι
481 1855 549 1905 inter
568 1859 688 1903 osuerunt
696 1853 771 1903 verba
820 1858 998 1917 θωμκολάζων,
1021 1869 1066 1903 suo
1089 1855 1144 1904 loco
1165 1855 1249 1904 omnia
1265 1855 1361 1919 optime

226 1924 326 1990 βελτίονι
340 1924 452 1986 γίγνεσθαι
467 1923 513 1972 καί.
576 1915 772 1985 αὕτ’-τιμω-
819 1934 846 1968 se
867 1920 1001 1978 habentia,
1023 1921 1067 1970 sed
1089 1922 1182 1988 quibus
1204 1920 1361 1986 ineptissime

226 1997 329 2058 ρευμενῳ
344 2003 389 2038 cur
406 1985 596 2052 adscripserint,
609 2001 683 2036 causa
693 1992 731 2035 ast
743 1986 770 2034 in
819 2001 881 2035 usus
903 1990 941 2036 est
963 1985 1056 2036 sciolus
1072 1987 1182 2037 scribens
1198 1985 1236 2038 ὑπ’
1252 1988 1320 2038 ἄλλον
1336 1991 1361 2036 ct

227 2059 339 2121 promtu.
369 2052 463 2102 Rarius
487 2056 620 2118 usurpata,
643 2051 727 2116 qualia
750 2056 773 2103 εν
819 2051 947 2117 passivum
972 2061 1134 2123 τιμωρουμένῳ
1161 2069 1219 2101 cum
1243 2053 1361 2103 adverbio

228 2123 331 2190 τιμωρίᾳ
342 2119 411 2185 εἶναι,
425 2123 446 2170 ίν
455 2120 549 2188 διαβίλνρ
559 2119 627 2181 εἶναι,
638 2120 731 2183 ίναίτίᾳ
739 2144 772 2157 -
820 2122 900 2234 ρίθῶς.
916 2119 941 2169 N
942 2134 983 2167 em
992 2119 1044 2178 fec,
1055 2119 1153 2184 aliquid
1162 2119 1309 2185 hujusmodi
1318 2119 1361 2168 ed·

228 2192 252 2239 δν
272 2189 365 2251 δεσμοῖς
386 2190 435 2235 stc.
455 2185 511 2238 εἶιναι
531 2201 579 2250 pro
594 2186 701 2250 passivis
718 2200 771 2234 ver·
840 2186 904 2234 'tum
920 2184 1041 2248 flagitari,
1057 2185 1085 2235 id
1098 2185 1133 2234 sic
1142 2185 1229 2234 saltem
1238 2201 1264 2235 se
1272 2185 1362 2234 habere
1423 2193 1426 2202 “

228 2253 319 2304 borum
335 2259 444 2320 τιμωρεῖν
451 2264 465 2311 ,“
472 2253 616 2318 διαβάλλειν,
628 2255 675 2300 etc.
693 2249 771 2311 Quod
820 2251 933 2301 deberetr
950 2260 1062 2334 Προσήκει
1080 2253 1104 2302 δὲ
1120 2254 1188 2303 παντὶ
1204 2260 1237 2317 τῷ
1254 2256 1276 2301 c
1287 2271 1361 2316 τιμω-

229 2319 347 2383 ignorans
363 2319 445 2367 scriba
455 2318 556 2366 addidit
566 2318 640 2367 verba
651 2316 704 2366 illc.
722 2316 772 2366 Sed
819 2320 860 2385 ρίᾳ
877 2317 922 2369 ὄντι
937 2320 968 2370 im
992 2323 1063 2383 ὀρθῶς
1079 2323 1243 2386 τιμωροῦντος,
1261 2317 1301 2368 vei
1317 2331 1361 2383 po·

230 2401 306 2450 quam
323 2384 364 2433 ine
383 2389 438 2433 tum
454 2387 580 2448 praeterea
596 2382 662 2431 iliud
677 2381 715 2434 ὑπ’
729 2385 771 2433 ἄλ·
820 2385 872 2432 tius
889 2384 1034 2434 brevissime
1050 2385 1100 2433 sic:
1120 2393 1234 2451 Πρεσήκιι
1253 2385 1278 2434 δὲ
1294 2387 1362 2435 παντί
1431 2422 1441 2447 ,,

230 2453 282 2515 λου,
308 2400 382 2500 ictui
402 2451 484 2517 θρθεῖνςί
507 2463 539 2498 ne
561 2448 624 2512 quid
641 2448 721 2497 dicam
740 2448 772 2497 de
819 2458 853 2515 τῷ
878 2451 967 2508 δικαίως
990 2458 1159 2520 τιμωρουμένῳ.
1193 2449 1265 2510 Quae
1284 2450 1363 2499 bonae

230 2521 328 2585 βελτίονι
350 2520 462 2581 γίγνεσθαι
482 2542 516 2553 -
536 2516 712 2583 παραδείγματι
732 2518 772 2579 γί-
818 2516 921 2565 demum
951 2522 1035 2566 essent
1066 2516 1261 2566 enunciationes.
1295 2516 1362 2566 Nus·

230 2589 329 2649 ννεεθαι.
361 2583 458 2648 Operae
481 2582 592 2647 pretium
615 2586 661 2631 est
679 2582 771 2629 horum
819 2596 896 2646 quam
923 2583 990 2633 enim
1016 2583 1126 2633 invenies
1154 2587 1224 2651 θρθος
1249 2587 1362 2650 τιμωροῦ-

230 2652 345 2701 omnium
360 2648 482 2712 originem
497 2646 622 2710 ἱηᾱέξατε.
643 2646 772 2696 Nimirum
818 2667 877 2712 μαι,
905 2652 975 2716 ὀρθῶς
997 2649 1056 2707 δίκην
1081 2649 1175 2713 δίδωμι,
1202 2653 1272 2718 ὀρθῶς
1298 2653 1362 2699 κολά·
1404 2648 1407 2655 ’

230 2719 314 2765 totum
330 2715 379 2765 hoo
392 2714 590 2764 additamentum
602 2711 772 2777 estfragmen·
820 2722 907 2778 ςσμαι,
932 2714 975 2763 sed
997 2715 1092 2779 ubique
1115 2719 1184 2784 θρθως
1206 2730 1265 2764 cum
1281 2715 1363 2764 activo

230 2786 285 2832 tum
294 2781 516 2845 argumentationis
524 2779 773 2844 quaelegituriid-
820 2789 928 2847 τιμωρω,
948 2783 1054 2845 νομίζω,
1079 2796 1136 2829 cum
1159 2781 1258 2846 passivo
1279 2785 1363 2830 autem

232 2847 287 2900 its.
314 2847 363 2897 Est
386 2845 608 2911 argumentationis
632 2845 773 2895 Socraticae
820 2860 907 2894 eorum
930 2847 1025 2904 δικαίως.
1051 2845 1087 2896 At
1103 2862 1160 2895 vero
1176 2861 1281 2912 prorsus
1297 2846 1378 2895 nihii*

230 2913 411 2978 fragmentum,
429 2913 500 2970 dico,
517 2912 593 2976 idque
609 2911 678 2960 omni
690 2911 772 2961 nitore
820 2911 912 2960 horum
934 2912 1069 2975 flagitatur.
1099 2912 1189 2977 Itaque
1210 2927 1295 2961 omnes
1316 2913 1364 2962 hae

201 2978 203 2982 ’
230 2979 363 3035 Platonico
379 2995 477 3037 cerem,
496 2978 568 3042 cujus
584 2983 673 3027 auctor
688 2993 719 3026 ue
733 2979 771 3027 in·
822 2977 908 3026 sordes
924 2978 1049 3028 eluendae.

198 3054 203 3062 '
232 3046 328 3097 tsiiexit
352 3047 455 3110 quidem
478 3045 559 3110 ipsam
582 3043 773 3109 argumentatio·
854 3043 1018 3109 Inproximis
1027 3049 1084 3093 ante
1097 3046 1172 3105 ἄλλοις
1180 3047 1292 3108 γίγνεσθαι
1300 3058 1363 3092 non·

232 3127 298 3162 nem.
323 3111 362 3160 De
377 3110 470 3175 quibus
480 3126 628 3176 persuasum
640 3114 670 3158 ut
682 3110 729 3158 tibi
741 3110 775 3159 sit
822 3109 887 3158 nulli
904 3116 1043 3177 ατεορραρεῖς
1057 3111 1111 3175 jam
1125 3116 1191 3159 recte
1202 3113 1252 3166 τοὺς
1262 3124 1313 3158 non
1324 3109 1363 3158 in·

232 3177 298 3241 legas
308 3177 355 3229 476
364 3177 396 3235 E,
406 3177 452 3227 ubi
460 3176 511 3226 fere
519 3176 604 3226 eadem
612 3175 774 3225 verbaobvia.
822 3182 962 3226 senuerunt.
979 3180 1057 3226 Porro
1066 3180 1124 3241 post
1133 3179 1207 3233 ἄλλοις
1215 3175 1363 3240 γίγνεσθαιίει

180 3302 183 3307 ,
232 3243 323 3293 Paucis
335 3243 425 3293 referre
433 3243 542 3292 conabor
552 3242 666 3307 quodibi
675 3241 774 3306 legitur.
824 3243 941 3291 omnibus
958 3243 1086 3292 codicibus
1102 3246 1128 3291 et
1139 3242 1291 3291 editionibus
1302 3242 1363 3292 haec

178 3337 180 3341 ν
234 3309 348 3359 Socrates
371 3309 589 3358 demonstraturus
611 3313 648 3360 τὸν
665 3309 725 3366 δίκην
741 3309 776 3360 δι-
824 3308 954 3372 leguntur:
977 3306 1005 3359 θ’
1024 3312 1087 3360 ἄλλοι
1104 3311 1196 3375 δρῶντες
1213 3311 1363 3374 aequatae

233 3376 300 3427 δόντα
316 3378 401 3441 βελτίω
411 3379 523 3440 γίγνεσθαι
534 3379 613 3432 κακίας
624 3375 668 3440 (=
677 3377 777 3441 ἀδικίας)
826 3381 854 3425 ἂν
875 3381 955 3444 πάσχῃ
972 3379 1105 3443 φοβούμενοι
1120 3378 1223 3442 βελτίους
1238 3381 1361 3439 γίγνωνται.

175 3476 176 3482 1
233 3445 447 3506 ἀπαλλαττόμενα,
466 3442 526 3492 inde
547 3441 579 3490 ab
601 3441 624 3489 Ε
645 3442 682 3490 ita
704 3457 776 3505 argu·
825 3441 898 3503 Quae
908 3446 1007 3491 utinam
1018 3442 1057 3491 vel
1069 3457 1134 3490 unus
1150 3441 1287 3490 scribarum
1300 3441 1363 3489 omi·

233 3512 373 3556 mentatur:
385 3512 398 3557 δ
411 3510 471 3567 δίκην
483 3509 553 3564 διδοὺς
564 3504 601 3558 ὑπ’
612 3512 682 3577 ὀρθῶς
691 3507 735 3570 (--
744 3510 777 3559 δί-
825 3508 906 3557 sisset
923 3509 993 3557 Num
1000 3513 1106 3572 usquam
1114 3506 1255 3556 horridiora
1263 3505 1363 3570 legisti?

234 3573 312 3637 καίως)
329 3575 457 3636 κολάζοντος
466 3576 582 3626 einata:
592 3578 691 3625 auid:
701 3579 778 3638 ἀγαθὰ
827 3574 909 3624 Illa-e
926 3580 953 3627 ἂν
968 3580 1051 3640 πάσχα
1067 3589 1112 3624 nec
1128 3588 1180 3622 non
1197 3572 1263 3621 iliud
1283 3573 1363 3641 ροβοθ·

139 3688 143 3697 ,
233 3646 332 3706 eduxit:
361 3644 373 3690 δ
395 3645 472 3703 ἀγαθὰ
493 3648 589 3706 πάσχων
611 3643 741 3706 θρελείταιε
766 3644 778 3691 δ
826 3661 888 3706 μενοι
915 3656 991 3705 quem
1018 3639 1199 3690 intolerabilia!
1231 3637 1364 3698 Quantum

233 3709 382 3771 ὠφελούμενος
394 3706 459 3757 hano
470 3710 576 3774 θρθλεναν
593 3712 599 3728 ’
618 3711 715 3771 ελειται,
724 3710 778 3782 [esi-
826 3710 930 3757 interest
946 3707 1014 3757 inter
1030 3707 1090 3755 haee
1107 3710 1132 3754 et
1142 3705 1227 3765 cadem
1238 3704 1281 3754 sed
1293 3705 1364 3754 iucu-

233 3777 288 3823 τίων
303 3781 343 3833 τὴν
359 3779 432 3839 ψυχὴν
447 3776 557 3836 γίγνεται,
611 3772 778 3822 ndeefficitur
826 3773 965 3826 lentissime
981 3770 1364 3840 scriptaaPlatoneinOepov·

213 3837 296 3888 ‚hoc:
314 3843 327 3890 δ
343 3840 403 3898 δίκην
420 3841 490 3897 διδοὺς
506 3840 624 3905 ὠρελείται
641 3838 692 3887 eive
708 3841 784 3892 θνίνα-,
826 3860 864 3897 τος
885 3866 918 3879 -
937 3844 968 3891 τὰ
989 3846 1089 3904 μίματα
1105 3865 1138 3900 ·7·
1158 3841 1196 3888 καί
1212 3833 1365 3906 φοβερώτατα

234 3924 274 3958 ται
297 3921 403 3970 prorsus
426 3926 458 3950 =
482 3909 494 3956 δ
518 3909 577 3962 δίκην
598 3905 668 3962 διδοὺς
683 3909 779 3970 βελτίων
825 3911 888 3962 πάθη
912 3913 1041 3971 πάσχοντας
1065 3932 1098 3942 -
1122 3910 1285 3969 νουθετήματα.
1316 3904 1365 3952 Est

178 4002 180 4006 ι
233 3973 343 4035 γίγνεται.
361 3971 439 4032 Quod
455 3972 517 4021 bene
534 3975 661 4029 tenentes,
672 3971 777 4020 ubicun-
825 3976 984 4047 praepostera
1006 3977 1031 4020 et
1052 3971 1219 4021 insulsissima
1235 3969 1364 4019 annotatio

234 4051 284 4100 que
305 4037 413 4100 Gorgias
437 4037 527 4087 deinde
542 4036 648 4100 legimus
666 4037 726 4094 δίκην
742 4039 778 4088 δε-
826 4037 898 4087 scioh
920 4053 948 4087 ex
974 4037 1072 4086 ultimis
1096 4036 1128 4084 iis
1149 4037 1177 4084 in
1202 4035 1222 4084 O
1245 4034 1365 4085 coniecta.

182 4157 185 4167 ,
235 4103 301 4154 δοντα
318 4106 451 4171 θρελιῐσθαι
468 4104 519 4153 sive
536 4107 661 4166 ὀνίνασθαι,
683 4102 711 4153 id
727 4105 776 4166 sig·
827 4103 906 4164 Quod
928 4108 957 4152 ut
979 4104 1026 4152 tibi
1042 4103 1115 4168 quasi
1131 4102 1211 4166 digito
1228 4105 1366 4151 monstrare

235 4169 339 4218 nificare
354 4170 468 4219 videmus
492 4171 552 4227 δίκην
569 4171 656 4220 διδόντα
673 4172 780 4236 βελτίων
826 4169 935 4235 possim,
952 4170 1065 4219 ordinem
1079 4168 1158 4218 totius
1169 4168 1219 4217 loci
1228 4167 1364 4233 explicabo.

236 4237 356 4299 γίγνεσθαι.
390 4234 439 4284 Ex.
463 4251 501 4298 gr.
522 4236 550 4284 in
570 4236 692 4300 proximis
713 4236 740 4283 in
757 4235 780 4284 B
827 4236 876 4287 Est
892 4235 914 4284 is
930 4235 1086 4300 hujusmodi.
1107 4235 1221 4283 Primum
1234 4234 1297 4283 dicit
1308 4249 1365 4283 auc-

207 4315 209 4320 '
235 4306 302 4352 αὐτοὶ
318 4306 361 4364 μὲν
376 4304 450 4352 οὐκέτι
466 4304 618 4352 ὀνίνανται-
633 4305 697 4352 ἄλλοι
709 4299 728 4351 δ’
736 4304 781 4352 θνί-
828 4307 869 4351 tor
885 4301 912 4351 in
928 4303 1072 4350 universum
1086 4299 1365 4365 duplexgenusesse'ad

236 4387 321 4419 νανται.
339 4369 356 4416 i.
374 4382 395 4416 e.
413 4374 558 4430 utrumque'
565 4387 597 4411 =
613 4370 717 4432 βελτίους
728 4371 780 4432 γίγ-
826 4367 922 4417 Orcum
933 4368 1107 4426 demissum,
1115 4367 1205 4415 alteros
1214 4366 1258 4430 qui
1268 4366 1365 4421 utilita-

235 4453 316 4485 νονται.
340 4432 419 4495 Quod
429 4433 535 4482 hicnon
545 4432 709 4497 adscripsisse
717 4435 779 4483 scio·
827 4437 878 4483 tem
903 4434 1043 4500 percipiant
1068 4434 1086 4483 i.
1108 4449 1130 4482 e.
1154 4431 1267 4482 meliores
1288 4431 1365 4491 fiant,

205 4560 207 4562 ,
235 4498 274 4548 los
290 4499 352 4549 satis
368 4498 456 4550 mirari
471 4514 522 4548 non
535 4514 646 4564 possum.
666 4498 780 4562 Jam‚ut
826 4499 919 4550 alteros
935 4502 980 4564 qui
997 4499 1109 4565 exemplo
1126 4498 1178 4551 sint
1193 4499 1366 4569 αίὶἰνίΠροσή-

138 4603 146 4620 0
236 4565 268 4615 de
290 4565 381 4616 ultime
397 4565 563 4615 additamenti
579 4568 651 4632 perte
667 4564 779 4630 primum
827 4586 861 4628 οισι
877 4593 913 4612 -.
927 4570 1002 4625 ἄλλοις
1018 4565 1148 4632 γίγνεοθαιλ.
1177 4564 1292 4617 Secundo
1307 4566 1365 4630 qui-

1172 4651 1205 4704 19
