3038 5122
502 311 907 395 Protheonem.
1114 359 1124 364 -
1182 331 1282 401 mig

138 543 181 585 ne
199 518 317 604 parergi
340 516 414 602 quid
438 539 492 602 pro
515 516 582 600 ipso
605 515 659 597 illo
682 517 746 598 ie,
770 536 832 601 pro
849 514 1267 601 re,3qua,de.agstur,2ha·‚

10 651 12 656 ·
101 685 109 700 „
139 625 215 690 beat.
241 624 278 688 In
297 646 389 708 quem
408 637 537 697 errorem
553 621 734 707 interpretes
747 621 837 686 eham
849 619 1029 686 recentiores
1042 621 1134 706 vulgo
1145 620 1265 706 inducti

138 739 225 804 sunt,
249 730 361 814 qnippe
380 727 556 824 adhucdum
575 726 692 797 nnllam
713 749 834 811 prorsus
855 724 1098 811 syllogismorum
1115 727 1265 806 rationem

138 835 292 900 hahentes.
324 833 479 918 Exemplis
503 839 634 898 utamur.
650 892 652 897 ,
670 831 781 917 Omnia
805 853 882 920 qpae
898 831 1095 917 disputantur
1109 841 1141 902 er
1157 854 1261 909 ornnes

137 940 304 1025 syllogismi
327 939 380 1022 qui
402 932 587 1002 adhibentur
609 937 681 1016 inde
705 961 723 1002 a
744 940 817 1017 495?
832 944 937 1002 contra
952 936 1194 1010 adversariorum
1209 937 1271 1023 hy2

769 1032 773 1040 ι

136 1046 294 1132 potheses,
317 1045 351 1110 cl
374 1045 425 1120 ἡδὺ
437 1067 480 1119 q:
496 1042 690 1130 rdysdduprl
705 1043 818 1125 ἀνιαρὸν
834 1067 877 1119 ss
892 1042 924 1107 τὸ
941 1041 1044 1119 κοινόν,
1062 1042 1264 1133 uniusstrium
1340 1031 1344 1038 ¹
1361 1111 1363 1114 Α
1449 1134 1453 1143 .

135 1152 257 1218 illorum
288 1149 628 1234 capitumccctporrluns
651 1171 743 1230 causa
765 1149 982 1215 instituuntur.
1026 1147 1181 1233 Nimirum
1204 1149 1271 1232 hoc,

135 1256 329 1322 refutationis
350 1254 470 1320 illarum
494 1253 726 1338 hypothesium,
748 1254 917 1336 hoctotins
933 1254 1025 1340 hujus
1043 1254 1261 1339 disputationis

85 1353 88 1361 ’
134 1371 181 1427 est
211 1362 393 1438 consilium,-
415 1367 453 1430 -ut
476 1360 596 1424 invictis
619 1360 806 1445 argumentis
830 1360 1055 1425 demonstretur
1077 1359 1263 1443 σωφροσύνην,

135 1491 198 1533 esse
222 1468 367 1543 uirtutem
389 1466 576 1550 (aeruna,
592 1465 760 1542 πλεονεξίαν
775 1466 834 1532 alia
853 1465 1028 1551 hujusmodi
1044 1487 1105 1531 non
1115 1489 1190 1531 esse
1205 1468 1263 1539 rir-
1313 1484 1314 1489 ’

133 1575 248 1659 tutes),
272 1595 363 1657 qnam
388 1572 449 1657 qui·
465 1571 545 1641 colat
568 1571 800 1661 felicamnitam
823 1573 930 1639 vivere.
964 1571 1056 1652 Quod
1078 1593 1140 1636 non
1163 1579 1269 1654 attens.

133 1678 239 1744 dentes
258 1679 438 1762 interpretes
458 1699 509 1745 cx..
521 1698 564 1760 gr.
587 1677 619 1741 in
639 1678 704 1760 ipsa
723 1676 776 1741 illa
796 1677 956 1762 hypothesi
967 1677 1000 1743 τὸ
1012 1677 1063 1754 ride
1078 1702 1121 1737 .-.-.
1132 1678 1267 1756 τάγαθὸν,

104 1802 106 1805 ·
132 1806 201 1849 cnm
232 1784 296 1868 ejus
326 1783 510 1849 refutatione
541 1782 646 1865 magni
673 1782 821 1847 momenti
851 1781 953 1861 nescio
976 1781 1050 1866 quid
1074 1783 1175 1848 videre
1199 1782 1259 1849 sibi

133 1889 290 1966 videntur,
322 1889 511 1958 immemores
519 1933 545 1966 ›z-
562 1888 687 1972 opinor,
710 1878 893 1973 hypothesin
919 1889 1038 1953 theseos
1061 1910 1260 1968 caussasse,
1283 1942 1290 1946 .

130 2018 192 2060 non
223 2002 344 2068 contra,
378 2004 407 2058 et
439 1994 623 2079 hypothesin
651 1995 761 2071 everti,
786 2002 821 2057 nt
837 1994 912 2080 ‘ipsa
934 1994 1028 2059 thesis
1051 1993 1160 2070 cadat>
1192 1993 1262 2062 Jam
1334 2047 1339 2057 .

131 2101 187 2166 hac
218 2102 266 2165 via
295 2107 428 2165 errantes
459 2099 550 2164 iidem
581 2117 642 2164 non
674 2107 841 2185 potuerunt
870 2122 931 2164 non
960 2101 992 2164 in
1015 2100 1146 2165 alterum
1168 2101 1260 2167 simul

132 2229 262 2272 errorem
285 2206 455 2282 incurrere,
481 2203 535 2270 ubi
554 2203 668 2290 dialogi
685 2213 900 2289 argumentum
917 2206 963 2276 rel
980 2205 1140 2271 consilinm
1157 2229 1260 2272 eruere

134 2320 277 2395 conantes
300 2333 476 2387 sermonem,
490 2312 647 2396 incapite
669 2310 838 2397 yelpartes
860 2311 1051 2397 dispertiunt.
1075 2310 1257 2398 Exemplum

135 2418 204 2483 vide
228 2419 260 2482 in
279 2417 383 2482 eadem
399 2415 513 2501 dialogi
528 2423 620 2501 parte.
646 2415 775 2495 Eorum,
793 2439 871 2502 qnae
883 2417 1028 2502 leguntur
1039 2418 1071 2482 in
1083 2419 1258 2483 cal-500

130 2531 163 2593 et,
184 2546 274 2588 unam
297 2522 480 2604 σωφροσύνην
502 2529 538 2586 ut
563 2509 706 2608 virtutem
729 2522 899 2588 defendunt
921 2544 939 2587 a
961 2522 1096 2588 Calliclis
1113 2523 1258 2607 amatim,

130 2636 244 2714 partem
267 2626 428 2714 qnamdam
453 2627 505 2691 alii
532 2649 600 2692 cum
624 2628 875 2712 praecedentibus
900 2628 952 2693 alii
971 2651 1039 2694 cum
1061 2627 1259 2713 sequentibus

129 2735 359 2820 conjunxerunt.
400 2731 474 2796 Non
505 2755 582 2817 nego
613 2733 761 2803 nonnulla
786 2756 828 2799 ex
858 2720 1264 2820 49-1-5001np1-01im'is,

58 2828 64 2872 5
129 2849 159 2904 et
187 2838 260 2903 alibi
286 2839 372 2923 tangi
403 2846 434 2902 et
463 2839 580 2924 repeti:
613 2846 849 2907 verumtamen
880 2840 963 2923 qnod
994 2847 1100 2907 auctor
1130 2841 1260 2926 suscipit

127 2947 159 3010 in
183 2948 264 3022 491,
288 2945 321 3009 id
343 2945 375 3009 in
400 2946 462 3012 500
488 2943 526 3011 ab
550 2967 586 3010 eo
610 2945 647 3010 ad
671 2945 761 3012 finem
785 2945 910 3031 perduci
933 2944 1101 3028 contendo,
1126 2946 1256 3030 ideoque

12 3036 14 3043 ’
128 3051 214 3115 nullo
245 3059 333 3135 pacto
366 3050 500 3137 disjungi
532 3072 629 3135 posse.
671 3050 796 3117 Summa
825 3052 921 3135 igitur
950 3053 982 3116 in
1013 3052 1069 3117 hac
1100 3074 1132 3116 re
1155 3052 1257 3147 cantis

128 3156 307 3239 adhihenda
334 3156 515 3241 Saepissime
534 3155 572 3221 ad
589 3156 649 3221 alia
664 3157 818 3223 transiisse
833 3164 986 3223 auctorem
1002 3157 1257 3236 bersentinus,

131 3270 337 3326 transeuntem
355 3283 424 3326 vero
442 3262 491 3326 vix
506 3262 653 3327 videmus.
676 3261 776 3326 Tanto
791 3263 918 3327 artificio
934 3262 1091 3328 dialectieo
1103 3261 1255 3337 Socratem

127 3368 200 3433 facit
222 3369 508 3433 circumvenientem
532 3368 719 3433 adversarios
742 3369 951 3446 acutissimos,
976 3369 1029 3434 ubi
1053 3368 1194 3434 diversae,
1209 3390 1256 3434 res
1352 3437 1363 3457 ⁸

127 3471 327 3538 subtilissima
355 3474 389 3537 et
415 3473 659 3558 ingeniosissima
687 3473 896 3558 disputatione
923 3472 1147 3539 connectendas
1171 3480 1253 3540 sunt.

127 3577 228 3660 Quare
251 3600 350 3663 neque
373 3600 556 3643 ausnssum
580 3577 721 3662 equidem
744 3578 905 3663 dispertire
930 3601 1007 3664 qnae
1023 3579 1169 3664 leguntur
1183 3578 1255 3644 inde

127 3708 144 3748 a
167 3688 230 3749 481
257 3683 415 3768 usquead
440 3686 512 3748 500.
544 3682 736 3768 Quamquam
760 3685 841 3749 enim
867 3687 1007 3751 Socrates
1023 3687 1055 3751 in
1072 3689 1133 3750 491
1152 3697 1255 3772 aperta

126 3791 247 3855 initium
282 3789 353 3854 iacit
380 3787 566 3874 *disputandi
596 3789 635 3853 de
663 3775 863 3872 apprecians,
898 3789 1038 3855 Callicles
1065 3798 1186 3873 tamen-,-
1208 3792 1257 3859 uti

126 3895 316 3972 discrucians,
346 3897 389 3960 sic
421 3896 512 3960 etism
536 3895 615 3960 hane
641 3897 794 3980 prositis
818 3897 985 3962 habendam
1009 3920 1074 3963 esse
1096 3899 1255 3967 contendit

126 4003 271 4087 arripiens
294 4000 373 4066 illud
395 4002 428 4066 τὸ
450 3999 539 4082 φύσει
562 4001 667 4066 δίκαιον
691 4002 739 4067 καὶ
764 4002 863 4070 καλόν.
905 4002 945 4067 llt
966 4025 1070 4068 revera
1086 4011 1255 4070 tractantur

125 4107 178 4171 illa
208 4096 334 4183 deinde,
367 4129 550 4192 quamquam
582 4107 719 4172 alterum·
744 4128 805 4173 non
833 4116 878 4172 est
894 4108 1026 4176 ,alterius
1049 4108 1253 4188 contrarium,

124 4212 218 4294 ὥσπερ
252 4214 284 4278 ἐκ
314 4215 385 4290 μνᾶς
415 4218 541 4294 κορυφῆς
571 4211 740 4290 carnuntum
769 4213 812 4279 δύ’
844 4212 917 4280 ὅντε.
964 4214 1046 4279 Haec
1080 4215 1253 4305 speciminis

124 4341 194 4403 ergo
226 4317 393 4399 sufficiant,
428 4317 506 4382 unde
530 4326 689 4404 appareat,
714 4339 777 4402 quo
800 4319 867 4384 loco
893 4319 1063 4404 syllogismi
1084 4321 1116 4384 in
1138 4319 1254 4405 Gorgia

125 4422 212 4488 obvii,
237 4422 368 4488 habendi
398 4423 460 4487 sint
489 4430 521 4486 et
551 4445 629 4507 quae
661 4422 710 4487 ria
740 4425 777 4488 iis
808 4423 937 4489 dncibns
969 4424 1183 4509 ingredienda,
1214 4447 1252 4492 ne

125 4531 301 4594 universnm
331 4527 488 4613 dialogum
518 4535 741 4615 perscrutantes
766 4536 803 4599 ,et
833 4528 871 4593 de
894 4529 962 4614 ejus
984 4537 1160 4615 argumento
1183 4552 1253 4599 con·
