3038 5122
185 310 249 375 146
319 313 322 324 ²
398 394 400 398 Α
610 307 888 375 Pannonis

181 511 355 596 φοβούμενοι
386 508 521 586 βελτίους
544 510 712 588 γίγνωνται.
735 512 787 577 εἶσί
812 513 837 577 δ’
862 513 886 578 οἱ
908 513 961 590 μὲν
987 512 1181 596 testatam!
1201 538 1235 581 τε
1257 517 1307 582 ιιαδ
1373 554 1377 563 ·

139 605 143 611 ’
181 618 258 692 δίκην
279 617 399 688 διδόντες
421 616 476 680 tri
500 618 566 682 θεῶν
592 643 625 682 τε
648 617 696 682 καί
719 619 868 700 ἀνθρώπων
887 603 981 694 circe,
1001 616 1028 684 oi
1044 619 1080 684 διν
1095 621 1203 699 ίοίσιμα
1214 621 1309 702 uiuip-

180 726 304 802 σήματα
333 721 508 804 ἁμάρτωσιν·
538 721 613 802 ὅμως
641 724 671 788 δὲ
701 724 736 790 δι’
765 725 931 804 οίίιμνδίνυυ
960 725 1010 792 καί
1040 727 1139 792 ὀδυνῶν
1170 728 1307 806 γίγνεται

180 833 277 902 αὐτοῖς
307 832 325 905 ἡ
349 829 476 908 ὠφέλεια
502 829 551 895 καί
574 830 670 896 tetta
692 831 742 895 καί
766 834 795 897 ἐν
816 818 922 898 Ἃιδου·
945 833 977 897 οὐ
996 832 1058 914 ,γὰρ
1081 828 1135 898 otiu
1156 836 1185 899 τ’
1208 833 1307 908 ἄλλοις

145 920 148 930 ⁸
178 936 292 1006 οίδιιιίας
314 935 571 1017 ἀπαλλάττεσθαι·
594 933 619 1001 οἳ
641 934 664 1001 δ’
687 937 725 1002 διν
747 939 788 1003 τοί
811 938 932 1019 ἔσχατα
954 940 1110 1014 ἀδικήσωσι
1132 940 1182 1006 καί
1202 941 1249 1007 διδι
1265 938 1337 1007 etc

178 1029 289 1107 τοιαῦτ’
311 1041 484 1120 ἀδικήματα
506 1042 616 1107 οίνίατοι
634 1035 797 1127 γένωνται,
824 1046 856 1109 εἰι
880 1044 987 1110 τούτου
1008 1045 1050 1110 τοὶ
1072 1046 1307 1127 παραδείγματα

178 1149 332 1230 γίγνεται,
364 1146 413 1212 καί
447 1144 521 1212 οὗτοι
544 1147 625 1212 αὐτοί
651 1151 704 1225 μὲν
727 1149 818 1216 οὐκέτ’
841 1151 982 1216 ὀνίνανται
1006 1151 1100 1230 οὐδὲν,
1125 1149 1174 1218 ἅτ’
1195 1152 1305 1220 οίνίασοι

177 1353 235 1386 nam
261 1335 314 1384 siut
337 1333 389 1391 illi,
411 1332 456 1397 qui
477 1331 614 1382 utilitatem
635 1333 714 1399 perci·
763 1338 802 1386 ta
819 1335 872 1402 διδῷ
889 1335 948 1393 δίκην
964 1337 1006 1387 ὑπὸ
1023 1340 1112 1387 θιῶντι
1124 1340 1161 1389 καὶ
1173 1341 1302 1406 ἀνθρώπων,

176 1406 248 1471 piant
261 1402 315 1466 (ιίσὶ
327 1399 376 1452 δὀἱ
386 1403 428 1464 μὲν
442 1400 625 1467 νἰριίσίμτνοι-
636 1404 715 1470 ἀμοίρ-
762 1402 849 1466 etqui
866 1400 957 1451 deinde
967 1402 1066 1451 addidit
1078 1401 1155 1467 οὗτοι,
1167 1408 1198 1451 ut
1209 1404 1304 1454 scilicet

176 1471 251 1536 τωσι).
276 1469 362 1518 Tertio
377 1467 481 1530 quinam
499 1467 563 1525 sint,
579 1467 714 1530 quierem·
764 1468 978 1517 constructionem
1001 1469 1136 1532 quamdam
1152 1469 1302 1519 restitueret

176 1538 218 1603 pla
240 1535 295 1585 aliis
316 1534 379 1583 flant
402 1533 436 1596 (οἳ
452 1529 470 1581 δ’
485 1536 512 1582 ἀν
528 1537 559 1584 τὰ
575 1538 664 1598 ἔσχατα
682 1560 715 1571 -·
764 1532 859 1582 Verum
876 1539 914 1583 est
929 1534 990 1583 haec
1006 1549 1107 1598 quoque
1122 1535 1218 1584 insulsa
1228 1551 1302 1599 quae·

176 1609 207 1655 τὰ
214 1603 393 1670 παραδείγματα
401 1599 520 1663 γίγνεται).
535 1599 636 1659 Quibus
644 1615 713 1664 prae-
763 1599 820 1649 dam
837 1600 980 1658 annotatio,
997 1600 1070 1664 cujus
1086 1600 1164 1649 altera
1173 1616 1231 1665 pars
1242 1605 1302 1666 ὅμως

174 1670 258 1718 missis
281 1667 380 1716 tandem
404 1665 526 1722 ostendit,
543 1665 669 1728 quomodo
686 1665 714 1714 hi
763 1667 787 1716 a
804 1695 836 1704 -
851 1669 1033 1719 ἀπαλλάττεσθαι
1046 1670 1072 1716 et
1082 1667 1196 1716 ordinem
1207 1672 1232 1716 et
1243 1683 1301 1717 con·

174 1735 286 1800 exempla
308 1733 359 1781 sint
382 1720 437 1779 aliis
460 1729 508 1793 (καί
525 1729 584 1782 οὗτοι
601 1735 713 1782 αὐτοί-
762 1732 926 1781 structionem
942 1733 1118 1796 iuternrmpit,
1134 1737 1158 1781 et
1169 1737 1253 1781 totum
1264 1733 1300 1782 lo·

172 1800 350 1866 νουθετήματα).
361 1798 419 1847 Jam
431 1796 516 1846 fateris
525 1813 604 1855 nunc,
615 1799 712 1862 opinor,
761 1813 820 1847 cum
835 1801 966 1861 vagantem
982 1798 1073 1848 reddit.
1101 1798 1166 1848 Nam
1182 1798 1303 1848 indicatis

104 1904 105 1908 ,
170 1869 258 1934 jejuna
279 1868 323 1915 illa
346 1862 373 1915 ἵν’
388 1867 451 1914 ἄλλοι
466 1892 499 1903 -
515 1866 617 1931 βελτίους
633 1867 709 1927 μίμνω·
760 1880 806 1913 vus
822 1870 836 1922 ἡ
852 1868 946 1942 ὡρὲδιια
961 1868 1072 1930 piparas,
1090 1879 1209 1914 eumnon
1220 1866 1300 1931 possit

172 1954 223 1986 νται
233 1935 413 1996 interrumpere
421 1931 574 1988 ordinem,et
582 1946 611 1979 ex
619 1932 710 1979 ultima
759 1931 877 1996 conjungr
887 1948 944 1980 cnm
953 1931 1300 2000 conJ'unctivootdu—eiptp
1341 1968 1343 1973 ·

172 2005 244 2068 parte
260 1999 339 2065 petita
355 2013 421 2054 esse,
438 1997 482 2045 ubi
499 2012 544 2045 sno
561 1995 710 2061 locoposita
757 2016 829 2059 τωσι,
842 1999 979 2047 necessario
994 1998 1182 2062 conjungendus
1191 2013 1248 2046 cum
1257 2003 1299 2050 ιίοί

173 2082 225 2115 non
241 2070 340 2114 tantum
358 2062 424 2111 nihil
439 2063 532 2111 habent
548 2062 617 2126 quod
633 2062 708 2112 offen·
758 2061 777 2111 δ’
793 2068 814 2114 oi
830 2067 873 2127 piu
883 2065 1038 2132 dpticipcuos.
1055 2064 1142 2127 Neque
1153 2066 1214 2128 ὅμως
1224 2064 1299 2114 habet

173 2133 230 2191 dat,
247 2131 290 2181 sed
306 2129 426 2179 eximium
443 2129 568 2194 specimen
582 2133 642 2176 sunt
656 2128 707 2177 dic·
757 2144 808 2193 quo
819 2130 948 2188 referatur,
961 2131 1011 2179 nisi
1024 2146 1100 2180 unam
1112 2128 1298 2180 annotationem

167 2198 250 2247 tionis
266 2196 416 2247 Platonicae.
436 2195 515 2258 Pergo
531 2194 564 2242 ad
575 2194 709 2258 sequentia.
760 2195 788 2243 in
804 2195 867 2244 duas
883 2203 967 2260 partes
978 2196 1108 2245 ‚divulsam
1125 2211 1178 2245 esse
1194 2201 1297 2246 statuas.

204 2265 267 2313 Post
291 2267 312 2314 σί
336 2265 378 2326 μὲν
400 2263 544 2327 ὠρολοὺμινοι
563 2260 711 2310 invexerunt
759 2259 920 2325 Quamquam
936 2262 976 2311 vel
992 2262 1028 2311 sic
1044 2262 1105 2311 haec
1120 2262 1220 2311 inticete
1230 2263 1298 2312 dicta

172 2330 232 2378 hace
257 2330 330 2378 verba
355 2348 380 2377 τι
406 2331 442 2376 καὶ
469 2329 528 2383 δίκην
553 2328 646 2383 διδόντες
668 2329 711 2378 aa
758 2326 892 2376 habemus:
916 2328 959 2390 qui
982 2327 1122 2377 utilitatem
1134 2328 1296 2392 percipiuat,
1320 2363 1323 2370 -

173 2401 226 2447 θεῶν
241 2416 267 2447 τι
285 2399 321 2446 καί
337 2399 457 2461 ἀνθρώπων
473 2391 541 2442 οὗτοι.
569 2393 635 2441 Tum
651 2398 710 2458 post
758 2408 908 2456 qumquam
920 2394 1078 2458 punirentur,
1096 2399 1179 2442 ίαιαοιι
1190 2410 1240 2458 per
1254 2396 1296 2444 do·

171 2462 274 2511 eandem
291 2469 388 2526 partem
404 2459 557 2516 absolutam,
574 2459 592 2506 i.
608 2474 629 2508 e.
650 2464 709 2523 post
758 2460 825 2508 lorea
849 2464 875 2508 et
899 2460 1028 2509 οαυοίαθιιι
1050 2459 1081 2509 αδ
1103 2460 1139 2508 iis
1150 2461 1297 2524 percipitur

172 2527 305 2577 secundam
322 2526 414 2584 trium,
431 2541 493 2587 quas
510 2525 585 2573 modo
599 2525 708 2591 descrip-
757 2525 862 2574 utititas
883 2530 908 2574 et
928 2527 955 2574 iu
972 2526 1013 2575 luia
1030 2526 1108 2576 terris
1125 2529 1150 2574 et
1166 2527 1195 2574 iu
1212 2530 1296 2576 Orco:

171 2594 262 2651 simus,
279 2592 430 2642 addiderunt
447 2589 544 2655 ipaess)
562 2593 586 2640 δὲ
603 2590 631 2642 δι’
639 2595 708 2655 ἀλγη-
757 2607 806 2639 non
822 2593 888 2640 enim
903 2596 1007 2648 possunt
1024 2592 1197 2640 alteratione
1214 2593 1245 2640 ab
1258 2594 1295 2642 ιἰι-

171 2661 234 2710 δθνων
250 2664 287 2711 καί
304 2660 379 2709 ὀδυνῶν
393 2660 709 2724 γίγνεταιαῦτοίςὴὠφίίσιαι
751 2657 863 2722 justitia
887 2658 1001 2707 liberari.
1033 2657 1117 2718 Quam
1135 2660 1295 2718 sententiam,

170 2732 206 2777 καί
224 2725 333 2788 atrise)
351 2727 387 2775 καί
404 2729 425 2774 ἐν
439 2721 520 2774 Ἃιδου.
539 2725 708 2792 οὐγὰροῖίντι
757 2724 937 2787 qualiscunque
962 2724 1009 2782 sit,
1034 2740 1185 2838 quamquam
1208 2724 1249 2774 vix
1266 2741 1296 2774 ex
1321 2750 1323 2755 2

170 2796 241 2850 ἄλλως
255 2794 531 2849 αδικίαςάπαλίάιισθαι.
549 2790 707 2850 Qnisdicat,
756 2790 837 2838 verbis
861 2790 923 2838 effici
944 2805 1017 2855 posse
1049 2794 1130 2848 ateor,
1147 2790 1196 2838 hoc
1213 2795 1295 2840 tamen

169 2859 231 2922 quid
249 2859 308 2907 hacc
326 2857 410 2906 omnia
428 2857 476 2904 sibi
492 2855 585 2912 velint,
596 2871 706 2920 praescr·
756 2856 817 2904 satis
829 2861 896 2904 certo
908 2860 1024 2920 apparet,
1040 2856 1142 2904 miserae
1152 2856 1184 2904 iis
1196 2858 1296 2907 subesse

169 2925 215 2972 tim
233 2924 276 2973 iila
294 2926 353 2982 δίκην
369 2924 464 2978 διδόντος
480 2951 513 2958 -
524 2918 561 2972 ὑπ’
571 2927 704 2990 ἀνθρώπων,
755 2921 968 2989 interpretationis
977 2922 1109 2987 specimen.
1126 2921 1296 2988 Interpoiator

168 2991 232 3054 quid
247 2991 313 3039 illud
329 2996 404 3054 ὅμως,
422 2988 492 3037 istud
509 2990 601 3038 uteie?
627 2989 668 3037 Ad
686 2994 707 3039 οί
756 2994 861 3037 conatur
877 2988 1015 3053 explicare,
1031 3003 1082 3051 qua
1092 2988 1188 3037 ratione
1199 3004 1296 3054 expoa

169 3061 212 3121 μἰν
229 3060 373 3124 ὠφελούμενοι
388 3071 433 3120 per
450 3071 476 3102 se
492 3069 520 3102 ex
535 3054 707 3118 superioribus
756 3054 796 3102 nis
819 3054 916 3102 utilitas
939 3054 1102 3120 percipiatur.
1134 3053 1183 3103 Sed
1199 3070 1225 3103 se
1241 3056 1295 3120 ipse

168 3123 358 3185 intelligendum
376 3127 397 3171 ἐν
413 3120 590 3190 τιμωρίᾳδντος
607 3120 658 3168 sive
676 3122 707 3170 δι’·
755 3120 843 3184 prodit
853 3119 1054 3169 manifestissime
1066 3121 1093 3168 in
1103 3119 1192 3169 vocula
1203 3123 1292 3186 ἐνθάδε,

168 3210 207 3247 κην
229 3190 332 3246 διδθντις.
365 3189 430 3236 Nam
448 3188 469 3234 si
486 3187 556 3250 quis,
573 3190 707 3250 postquam
756 3187 834 3250 quum
856 3186 899 3235 hic
917 3191 1015 3235 tantum
1032 3187 1146 3235 derecta
1162 3186 1189 3234 in
1206 3187 1294 3236 Tarta·

167 3254 194 3302 in
212 3256 357 3304 universum
373 3254 439 3303 dixit
461 3261 570 3321 προσήκοι
586 3262 619 3317 τῷ
636 3257 657 3302 ἐν
673 3273 706 3304 τι·
755 3268 813 3300 rum
829 3252 943 3302 demissis
960 3267 1041 3307 sermo
1058 3253 1099 3301 sit.
1124 3253 1210 3316 Neque
1220 3253 1293 3303 intel·

168 3324 247 3388 μωρίᾳ
272 3323 317 3372 θντι
339 3321 390 3369 sive
414 3322 473 3378 δίκην
494 3321 573 3369 διδόντι
596 3322 706 3370 ὀνίνασθαι
755 3317 817 3366 lexit
841 3318 1067 3381 argumentationes
1081 3317 1121 3370 ,in
1147 3319 1293 3376 itt-480,

168 3389 220 3435 sive
245 3392 390 3453 ὠφελεῖσθαι,
417 3387 453 3434 ita
477 3385 559 3450 pergit
584 3389 628 3434 ιίοί
651 3384 670 3433 δ’
686 3391 706 3436 οἱ
754 3384 822 3433 unde
843 3385 909 3434 hanc
932 3400 1031 3448 quoque
1052 3384 1221 3433 annotationis
1237 3401 1293 3462 par-

167 3457 210 3517 μίν
229 3456 374 3519 ὠφελούμενοι
399 3454 419 3502 ot
444 3457 470 3502 ἂν
493 3456 575 3514 ἰάσιμα
599 3456 706 3520 ἁμαρτω
754 3455 805 3500 tem
821 3450 914 3500 hausit.
949 3451 1030 3499 Docet
1046 3451 1162 3500 lectorem
1179 3451 1294 3501 hommes

168 3538 235 3583 ματα
259 3525 398 3588 ἁμάρτωσι,
423 3534 474 3567 non
499 3516 638 3580 significare
661 3533 706 3582 per
754 3521 854 3565 tantum
876 3520 1150 3631 duuiidrrsatat·dposse
1165 3516 1197 3566 ab
1213 3518 1293 3582 injus-

168 3589 210 3636 τίτί
228 3585 245 3634 δ’
262 3591 283 3635 οἱ
296 3591 338 3651 μὲν
348 3586 491 3652 ὡρείοὺμινοι
502 3599 552 3631 non
562 3587 646 3646 potest
657 3583 705 3632 hoc
754 3582 812 3632 titia
827 3599 871 3648 per
888 3584 1012 3632 cruciatus
1029 3590 1054 3633 et
1088 3583 1180 3641 olores,
1200 3584 1306 3647 quibus,

168 3655 211 3701 οἱοί
234 3653 252 3700 δ’
271 3656 292 3702 oi
313 3657 334 3701 ἐν
356 3655 458 3719 τιμωρίᾳ
478 3652 537 3707 ὄντας
554 3650 705 3714 ὠριίοίιμινοι.
739 3684 745 3711 s
755 3652 874 3712 tanquam
890 3650 971 3714 pretio
988 3649 1094 3715 injurias
1110 3664 1168 3697 suas
1184 3650 1292 3715 expient.

166 3717 204 3766 At
219 3732 277 3766 vero
295 3723 317 3767 ἐν
331 3721 432 3786 τιμωρὲᾳ
449 3719 508 3774 ὄντες
524 3736 556 3760 -·
568 3717 628 3772 δίκην
639 3717 706 3766 διδθν·
756 3715 869 3764 Socrates
890 3720 974 3764 autem
992 3716 1020 3763 in
1036 3716 1292 3778 argumentationibus

167 3804 214 3840 τις.
230 3783 360 3832 Praeterea
371 3797 422 3831 non
434 3788 500 3831 recte
510 3783 631 3847 expressit
643 3782 706 3831 scio·
753 3773 805 3830 iliis
822 3782 1032 3831 demonstraverat
1047 3781 1160 3829 homines
1171 3785 1292 3834 ἀπαλλάτ-

87 3861 90 3876 ·
167 3849 207 3897 ius
232 3849 301 3913 quod
322 3849 411 3898 voluit.
441 3848 531 3897 Voluit
551 3848 632 3896 dicere
649 3853 706 3896 sunt
754 3853 832 3899 τισθαι
858 3850 937 3904 κακίας
960 3848 977 3896 i.
994 3864 1016 3896 e.
1040 3849 1128 3903 ἀδικίας
1149 3847 1202 3897 sive
1218 3855 1291 3915 ψυχῆς

167 3915 225 3974 itti,
243 3916 287 3978 qui
304 3915 444 3963 utilitatem
456 3914 706 3978 percipiuntpoeuar
754 3918 861 3982 πονηρίας
869 3930 960 3979 poenas
968 3913 1125 3971 luendo,non
1134 3913 1291 3978 quiapoenae

167 3981 264 4029 θιιοιιιθο,
296 3980 353 4029 Ηοσ
376 3981 441 4029 enim
465 3981 558 4030 Graece
574 3984 612 4028 est
628 3984 670 4030 οἰσὶ
688 3979 707 4030 δ’
741 3980 761 3991 ’“
778 3981 859 4044 jurias
884 3979 955 4043 quasi
980 3979 1080 4044 expient
1103 3980 1143 4028 vel
1167 3980 1290 4039 lustrent,

166 4052 187 4098 oi
204 4049 350 4114 ὠμιίσὺμινοι
367 4049 427 4104 δίκην
443 4047 552 4109 διδόντες,
567 4061 618 4094 non
629 4046 705 4095 inter-
754 4047 797 4094 sed
822 4046 882 4109 quia
905 4049 1072 4114 σωφρονίζουσιν
1093 4049 1118 4093 et
1138 4051 1288 4111 νουθιτοῦσιν,

148 4173 150 4177 ι
168 4122 273 4178 ruptum
294 4129 338 4179 per
359 4135 386 4163 τε
404 4118 454 4177 καὶ,
472 4114 547 4162 sicuti
564 4112 637 4160 Plato
654 4127 705 4161 nou
752 4111 789 4160 ita
804 4116 834 4161 nt
851 4117 1032 4178 σωρμονιοθέντις
1048 4110 1161 4161 meliores
1178 4112 1252 4169 flant,
1265 4120 1297 4162 et

165 4183 265 4228 tautum
282 4180 309 4227 in
328 4179 434 4242 Gorgia,
452 4179 495 4227 sed
509 4179 584 4228 etiam
596 4178 655 4226 alibi
666 4194 703 4227 ex.
752 4192 817 4241 quos
834 4178 894 4225 alios
910 4179 1011 4226 rideant
1027 4193 1118 4243 poenas
1134 4178 1245 4237 luentes,
1261 4180 1290 4227 hi

166 4261 202 4307 gr.
219 4245 282 4310 Rep.
296 4244 448 4304 380B,i1bi
459 4246 595 4294 orationem
606 4244 704 4293 varians
752 4257 852 4306 quoque
875 4242 907 4290 iis
931 4258 984 4292 esse
1007 4243 1108 4308 possint
1127 4249 1290 4310 νουθετήματα.

146 4334 149 4338 ’
165 4311 204 4360 bis
221 4312 288 4360 idem
304 4311 380 4359 habet
396 4314 491 4362 δνίνοίνιο
513 4315 655 4376 κολαζόμενοι
670 4310 703 4347 ’-
752 4308 822 4357 Haec
839 4308 926 4357 dehis
943 4309 1074 4358 sufficiant.
1096 4308 1132 4358 Et
1147 4326 1187 4359 res
1201 4318 1226 4360 et
1236 4312 1288 4360 dic·

166 4378 260 4434 διδθνττς
278 4378 336 4435 δίκην
353 4384 482 4444 ὠφελοῦντο.
514 4378 598 4440 Igitur
617 4377 661 4426 illa
677 4397 703 4428 τι
752 4374 789 4423 tio
805 4378 830 4424 et
846 4376 1001 4424 constructio
1017 4376 1078 4424 satis
1094 4392 1218 4441 superque
1230 4392 1288 4426 oon·

165 4449 202 4494 ιιαὶ
227 4444 339 4509 produnt
363 4445 509 4509 imperitum
535 4443 702 4501 Graeculum,
750 4441 868 4500 vineunt,
888 4441 972 4490 omnia
987 4458 1003 4491 a
1018 4441 1090 4490 nobis
1106 4458 1181 4508 supra
1198 4445 1289 4494 omissa

164 4510 209 4572 qui
226 4509 287 4558 haec
304 4509 352 4558 scri
371 4510 405 4559 sit
420 4525 515 4559 memor
529 4509 647 4558 dictionis
658 4509 701 4558 ob·
750 4507 821 4557 ιιιιΠο
844 4507 931 4557 Attico
953 4512 1054 4558 anctore
1074 4507 1149 4571 digna
1164 4525 1230 4570 esse,
1246 4525 1287 4574 ne·

163 4575 218 4624 viae
234 4576 262 4624 in
279 4577 326 4626 472
384 4577 490 4628 δίδωσιν
509 4605 534 4612 *-
548 4577 616 4634 ἦττον
625 4579 701 4633 ἄθλιος
751 4574 812 4624 dum
828 4573 940 4624 Platone.
1158 4587 1161 4599 ·
