3038 5122
532 310 939 382 raonnoorrnns.
980 375 986 392 ,
1270 325 1304 372 a
1348 297 1350 301 ’

173 528 252 594 Phil.
289 529 330 590 64
365 525 390 590 0
424 534 474 589 ΑΡ
511 531 596 588 OTN
633 530 701 588 Elll
738 527 834 584 Tora
869 525 1064 584 ΤΛΓΑΘΟΤ
1098 521 1184 578 NTN
1219 522 1303 578 ΗΔΗ

704 620 744 654 ,λ-

697 713 751 767 μεν

172 784 395 883 nroornoic
427 802 718 880 nonestati
751 773 1020 877 anscauso
1042 817 1138 874 reno
1161 816 1303 874 cuono

583 927 610 938 ..
726 911 765 944 a
801 909 803 912 ψ

389 916 429 948 ..λ-

216 988 265 1053 aa>
287 995 340 1058 τῆς
362 981 494 1061 οἰκήσεως
604 989 657 1056 τῆς
680 986 730 1046 τοῦ
754 980 881 1071 corco'rcu

154 1167 233 1224 ¹AN
266 1166 368 1223 TlNA
402 1161 572 1221 TPOllON
607 1159 782 1228 d>AlMEN3

216 1324 317 1408 Quam
340 1325 436 1391 multa
459 1331 565 1389 contra
587 1346 604 1387 a
626 1321 757 1408 librariis
780 1320 892 1384 omissa
915 1321 994 1398 sint,
1012 1320 1103 1385 etiam
1121 1321 1302 1385 manifestis·

172 1431 245 1497 sime
269 1455 305 1497 ex
327 1431 511 1517 syllogismis
530 1424 772 1509 aperueramus
789 1425 959 1490 conficitur.
986 1423 1062 1490 Vide
1075 1449 1121 1492 ex.
1135 1450 1180 1512 gr.
1195 1429 1257 1492 497
1273 1428 1302 1490 A

173 1545 203 1603 et
225 1538 307 1623 apud
330 1536 565 1621 Xenophontem
590 1533 717 1597 Memor.
742 1531 798 1595 IV.
820 1535 856 1611 6,
879 1538 913 1611 5,
940 1553 1030 1616 quem
1053 1532 1153 1597 locum
1179 1554 1301 1617 quoque
1395 1537 1399 1544 '

171 1666 279 1733 operae
302 1642 434 1728 pretium
458 1647 503 1705 est
527 1639 668 1704 exhibere
691 1639 754 1702 sic:

217 1751 327 1814 Οὐκοῦν
357 1743 387 1812 οἵ
411 1770 449 1825 γε
480 1752 539 1817 τοῖς
565 1742 716 1824 ἀνθρώποις
741 1747 837 1815 καλῶς
861 1740 1303 1823 praestantandum

172 1862 446 1964 ΤΑΝΘΡΩΠΕΙΑ
468 1846 830 1983 ΠΡΛΓΜΛΤΑἎΕἷκός
854 1851 886 1926 γ’
909 1847 976 1930 ἔφη.

459 2025 524 2091 Πῶς
547 2018 607 2098 γὰρ
628 2017 676 2097 οὕς
701 2018 740 2082 Οἱ
762 2015 807 2098 ἄρ’
828 2017 968 2093 ἀλλήλοις

460 2127 497 2198 ὡς
519 2125 564 2189 δεῖ
582 2123 722 2204 χρώμενοι
745 2128 843 2196 καλῶς
867 2123 1024 2204 πράττουσι

458 2238 734 2300 ΤΑΝΘΡΩΠΕΙΑ
756 2238 990 2295 ΠΡΛΓΜΛΤΑ.

217 2418 297 2484 Vide
320 2425 465 2484 annotata
488 2417 526 2481 ad
549 2420 614 2481 498
637 2416 673 2481 Ο.
709 2416 802 2481 Plura
819 2418 910 2483 verba
925 2418 968 2482 sic
984 2418 1049 2482 sine
1061 2417 1198 2483 codicum
1212 2441 1303 2505 opera

84 2535 88 2543 ’
177 2525 298 2609 explere
329 2525 362 2588 in
392 2522 484 2600 locis,
509 2522 564 2587 ubi
587 2544 648 2586 non
671 2530 743 2587 sunt
767 2523 951 2608 syllogismi,
976 2523 1066 2608 longe
1089 2523 1302 2590 difficillimum
1393 2513 1395 2518 ⁵

174 2629 282 2714 utiquc
317 2629 491 2693 criticorum
525 2629 697 2693 studiorum
728 2651 848 2694 munus.
894 2629 958 2693 Alii
980 2617 1115 2722 'fortasse
1138 2638 1300 2716 poterunt,

173 2758 228 2820 ego
251 2735 349 2800 lateor
370 2757 419 2798 me
441 2756 502 2798 non
526 2735 680 2819 potuisse,
704 2734 765 2799 nisi
789 2756 885 2819 pauca
906 2735 1070 2819 quaedam,
1087 2758 1164 2819 quae
1180 2737 1302 2821 singula

173 2863 227 2904 suo
250 2841 318 2905 loco
342 2837 500 2904 exhibebo.
533 2839 591 2905 Kal
614 2845 714 2905 rauca
737 2839 845 2917 μὲνδὴ
867 2846 977 2906 ταῦτα.

215 2945 320 3011 Restat
344 2952 379 3010 nt
402 2944 552 3029 quaedam
573 2966 712 3010 moneam
735 2945 927 3023 duratione,
953 2966 1044 3029 quam
1067 2946 1099 3010 in
1122 2945 1178 3010 hoc
1197 2945 1301 3010 libello

174 3051 363 3137 disponendo
398 3060 427 3116 et
464 3048 683 3115 conscribendo
721 3037 868 3116 achiba(
894 3049 1039 3132 ‘Tantum
1075 3060 1197 3114 secutus
1233 3073 1302 3116 snm
1396 3054 1398 3061 ⁴

172 3157 315 3222 editionis
350 3164 540 3242 stereotypas
573 3155 741 3242 Lipsiensis
777 3156 848 3224 anni
886 3159 979 3221 1850.
1026 3155 1063 3221 In
1098 3157 1179 3221 huno
1202 3157 1302 3242 recepi

173 3263 399 3328 emendationes
431 3286 514 3348 quaeq
538 3263 714 3328 indicantur
746 3262 788 3327 ins
808 3261 909 3328 indice
938 3262 1079 3328 editionis
1108 3263 1300 3329 Didotianae.
1402 3255 1411 3277 ⁸

170 3369 301 3446 Earum,
324 3369 351 3433 si
374 3390 452 3452 quae
475 3369 596 3455 majoris
620 3370 766 3435 momenti
789 3369 869 3446 sint,
895 3391 950 3434 suo
972 3371 1119 3455 cujusque
1135 3370 1201 3434 loco
1217 3391 1300 3434 nunc

171 3477 303 3541 rationes
336 3474 470 3539 reddam.
516 3474 626 3557 Itaque
659 3474 839 3560 plerumque
870 3476 981 3541 retinui
1013 3475 1090 3560 sigla
1122 3473 1156 3525 Π
1189 3483 1220 3540 et
1246 3502 1260 3560 q
1271 3493 1297 3559 y,

172 3580 285 3667 quibus
308 3579 472 3665 rejicienda
496 3587 526 3644 at
548 3579 708 3646 inserenda
729 3580 775 3645 ibi
797 3581 979 3647 indicantur.
1021 3580 1173 3661 Quoniam
1197 3589 1300 3645 autem

175 3688 336 3752 innumera
355 3684 504 3750 mutanda
527 3695 627 3749 essent
650 3687 682 3751 in
705 3685 763 3752 hac
787 3686 917 3772 Gorgiae
933 3670 1087 3788 aditique,
1109 3688 1211 3772 potius
1222 3684 1300 3750 nihil
1334 3696 1341 3703 “

174 3792 305 3878 amplius
317 3792 383 3878 ipsa
395 3793 427 3855 in
440 3798 524 3855 tectu
536 3791 659 3856 mutavi
685 3790 748 3855 Alii
759 3793 886 3876 posthac
898 3792 1063 3858 editionem
1074 3799 1214 3876 parantes
1227 3793 1303 3855 reci·

111 3956 115 3963 .
173 3899 259 3982 piant
282 3918 416 3961 mearum
431 3896 678 3962 emendationum
695 3919 771 3982 quas
787 3898 952 3983 approbare
968 3897 1131 3983 potuerint.
1153 3896 1301 3962 Emenda-

175 4004 294 4068 tionum
312 4001 487 4088 praesertim
498 4001 534 4066 in
552 4002 866 4086 argumentationibus
882 4002 1075 4088 syllogisticis
1090 4002 1222 4074 rationes
1237 4001 1302 4066 red·

173 4107 247 4171 dens
270 4107 422 4172 nonnulla
444 4108 571 4172 fortasse
595 4106 719 4173 uberius
744 4116 891 4174 tractasse
908 4109 1042 4175 videbor.
1068 4107 1183 4173 Verum
1199 4129 1302 4192 quam·

72 4208 79 4219 '
174 4235 264 4297 quam
291 4214 567 4298 argumentationes
591 4214 793 4301 syllogisticas
815 4216 848 4281 in
874 4216 987 4301 Gorgia
1001 4214 1105 4280 obvias
1121 4214 1182 4278 fere
1198 4235 1301 4278 omnes

81 4397 84 4402 ⁸
173 4317 409 4402 majuscularum
433 4319 606 4385 litterarum
628 4342 739 4405 opera,
764 4321 811 4387 uti
832 4321 864 4385 in
888 4319 1109 4385 mathematicis
1124 4320 1189 4384 fieri
1205 4319 1296 4397 solet,

173 4423 216 4488 ita
239 4424 271 4488 in
296 4422 470 4488 brevissimo
494 4435 657 4510 conspectu
683 4427 791 4510 posui,
817 4435 853 4492 ut
875 4427 975 4512 quivis
999 4449 1048 4490 eas
1071 4424 1215 4511 facillime
1238 4446 1302 4509 par·

177 4529 305 4594 lustrare
336 4529 432 4614 possit
460 4529 598 4614 nihilque
629 4531 689 4596 lere
712 4533 843 4618 amplius
866 4531 1052 4609 desiderare,
1079 4553 1140 4615 quo
1164 4529 1300 4595 emenda·
1350 4567 1352 4573 ·

1152 4654 1181 4696 11
