3038 5122
681 282 937 348 eunome.
1173 253 1177 263 ’
1307 283 1370 346 129

159 506 164 511 ’
241 484 263 553 ά
284 486 342 566 τθθ
364 484 535 568 ὦροζθμεθον,
560 525 604 536 —-
625 497 720 553 KAA.
739 485 823 552 Πάνυ
842 511 890 565 γε.
903 524 947 535 -
967 495 1040 550 ΣΩ.
1054 488 1165 551 Οὐκοῦν
1178 488 1193 560 ἡ
1206 485 1258 560 μὲν
1270 485 1371 566 ἓτέροι,

242 596 259 670 ἡ
282 593 351 670 πρὸς
374 594 486 672 ἡδονὴν,
509 594 632 671 άγεννίις
655 593 705 657 xci
727 590 906 677 οὐδὲνάλλο
929 593 946 667 ἢ
967 592 1106 656 κολοικείοο
1126 592 1272 670 τυγχάνει
1292 587 1372 655 οὗτοι.

207 692 260 774 Eri
281 695 340 780 γάρ
347 724 357 775 3
383 737 427 746 -
449 708 541 764 ΚΑΛ.
561 697 679 774 Ἔστω,
701 698 724 762 εί
746 697 864 776 βοθλει,
890 697 933 762 σοί
957 695 1055 768 οὕτως.
1076 736 1118 744 -
1142 707 1214 761 ΣΩ.
1238 699 1274 762 ‘H
1293 695 1323 760 δέ
1342 695 1373 773 γ’

143 841 153 867 ο
185 796 189 810 “
240 801 343 886 ἑτέρον,
368 802 444 877 ὅπως
466 806 502 876 ὡς
525 803 680 882 βέλτιστον
704 803 787 870 ἐσσοιι
811 810 913 886 τοῦτο,
933 802 990 868 είτε
1011 807 1098 879 σῶμά
1114 801 1260 883 τυγχάνει
1273 801 1372 866 ’άνείτε

239 902 379 992 cazat
399 910 592 989 θεραπεύομεν
600 935 609 987 ;
630 947 675 994 ,-
698 908 894 995 ΚΑΛοΠάνυ
917 933 965 986 γε.
990 946 1034 956 -
1057 918 1130 974 ΣΩ.
1148 905 1372 987 ᾳΑρόιίνοίίτοις
1440 926 1442 931 ·

241 1017 309 1090 ἡμῖν
340 1016 534 1096 ἐπιχειρητέον
561 1014 623 1081 ε’στί
646 1024 683 1097 τῇ
706 1014 788 1079 πάλιν
812 1014 861 1078 κοοί
886 1014 1105 1086 τοῖςπολίτοιε
1129 1014 1311 1094 θεροιπειίειν,
1334 1015 1370 1077 ὡς

239 1119 412 1198 βελτίστους
444 1121 550 1193 αὐτοὺς
580 1121 645 1191 τοὺς
670 1118 802 1191 πολίτοος
832 1119 998 1197 ποιοῦντος,
1022 1119 1090 1184 άνευ
1113 1120 1171 1199 γάρ
1197 1119 1228 1194 δὴ
1252 1118 1370 1194 τούτου,

240 1227 277 1298 ὡς
307 1227 335 1290 ἐν
365 1232 424 1298 τοῖς
455 1225 611 1308 ἔμπροσθεν
643 1225 826 1305 εὑρίσκομεν,
855 1224 931 1288 οὐδὲν
957 1223 1063 1306 ὄφελος
1087 1228 1181 1299 άλλνν
1205 1225 1373 1303 εὐεργεσίαν
1435 1282 1440 1300 ,

169 1327 375 1409 514οθδεμίονν
408 1332 594 1414 προσφέρειν,
625 1330 678 1395 ἐάν
702 1318 745 1408 μί
769 1331 986 1408 emolunienti
1012 1334 1028 1407 ἡ
1052 1331 1159 1395 διάνοιοο
1183 1329 1199 1412 ἦ
1227 1337 1278 1394 τῶν
1301 1344 1376 1406 μελ-

241 1434 347 1502 λθντιον
376 1435 394 1512 ’ἢ
424 1424 570 1518 χρήμοοτοο
592 1436 692 1501 πολλά
714 1433 881 1512 λαμβάνειν
905 1435 921 1510 ἦ
945 1436 1039 1515 άρχνίν
1062 1460 1143 1500 τινοιν
1167 1435 1183 1510 ἢ
1207 1433 1302 1509 άλλην
1326 1435 1373 1498 διί-

198 1604 201 1611 ,
242 1565 328 1621 νάμιν
363 1544 495 1618 ἡντινοῦν.
530 1542 621 1618 θῶμεν
648 1538 738 1612 οὕτως
769 1539 865 1631 ἔχειν;
896 1577 940 1588 -—
971 1550 1064 1605 ΚΑΛ.
1098 1541 1179 1605 Πάνυ
1207 1564 1263 1617 γε,
1287 1541 1313 1605 εί
1334 1565 1375 1604 σοι
1409 1542 1414 1549 ’

243 1645 323 1724 ἥδιον.
358 1685 402 1737 ή-
436 1657 509 1713 ΣΩ.
543 1649 579 1713 Εί
611 1643 657 1712 οὖν
689 1651 911 1727 ποιρεκοολοῦμεν
943 1647 1109 1731 άλλθλους,
1134 1643 1153 1710 ὦ
1179 1647 1375 1722 Καλλίκλεις,

243 1752 366 1836 δημοσίᾳ
387 1750 553 1832 πράξοντες
576 1757 631 1817 τῶν
655 1756 806 1816 πολιτικῶν
830 1749 1034 1831 πραγμάτων,
1057 1751 1105 1816 ἐπί
1130 1753 1170 1816 τά
1195 1736 1373 1832 οίιοοδομιοοά,

245 1859 261 1935 ἦ
284 1863 392 1939 τειχῶν
415 1857 432 1933 ἢ
449 1857 570 1947 νεωρίων
593 1857 610 1932 ἢ
633 1857 710 1937 ἱερῶν
730 1855 777 1920 ἐπί
797 1856 838 1920 τά
855 1853 987 1934 μέγιστοι
1006 1857 1239 1933 οίκοδομνίμοιτοι,
1257 1857 1373 1937 πότερον

211 1963 298 2030 Βέδει
322 1963 358 2030 άν
381 1965 461 2042 ἡμᾶς
485 1961 651 2042 σκίψοοσθοον
674 1962 753 2038 ἡμᾶς
777 1961 882 2033 αὐτοὺς
905 1963 953 2026 κοοί
978 1960 1132 2040 ἐξετάσοιι,
1160 1967 1267 2041 πρῶτον
1283 1963 1337 2039 μὲν
1352 1962 1376 2024 εί

245 2066 433 2146 ἐπιστάμεθοι
464 2070 517 2143 τὴν
547 2067 654 2148 τέχνην
685 2065 704 2140 t
736 2068 785 2131 οὐκ
816 2065 1018 2145 ἐπιστάμεθα,
1042 2068 1098 2143 τὴν,
1117 2067 1304 2144 οἰκοδομικὴν,
1329 2067 1375 2130 ael
1422 2053 1437 2098 7

245 2177 328 2256 πιιρά
348 2180 399 2241 τοῦ
421 2173 565 2253 ἐμάθομεν
573 2199 583 2252 ;
607 2172 661 2237 ἔδει
684 2171 739 2250 άν,
764 2172 780 2248 ἢ
803 2172 854 2249 οὕς
881 2172 925 2220 -’-
947 2183 1040 2238 ΚΑΛ.
1064 2171 1147 2238 Πάνυ
1170 2197 1217 2248 γε.
1240 2209 1284 2222 -·
1304 2182 1376 2239 ΣΩ.

247 2282 358 2346 Οὐκοῦν
389 2279 515 2359 δεύτερον
546 2275 584 2343 οοῦ
613 2277 697 2355 τάδε,
721 2275 749 2341 εί
768 2302 796 2342 τι
820 2276 931 2341 πώποτ’
953 2277 1129 2356 οίκοδθμνμοι
1153 2279 1374 2360 ᾧιιοδομάιιοομεν

198 2375 200 2378 ’
246 2385 304 2469 itta
327 2385 344 2460 ἢ
368 2385 540 2466 τῶνφίλων
563 2383 616 2448 τινί
640 2384 656 2459 ἢ
680 2381 813 2462 ἡμέτερον
836 2386 946 2458 οιύτῶν,
968 2384 1017 2448 κοιί
1042 2389 1125 2449 τοῦτο
1148 2384 1181 2448 τὸ
1198 2383 1375 2461 οἰκοδόμημά

246 2491 336 2556 κοολὸν
360 2490 376 2566 ἢ
401 2488 522 2571 οιίσχράν
545 2489 625 2567 ἐστι,
648 2489 744 2582 arciri
767 2487 820 2566 μὲν
843 2489 1007 2570 εὑρίσκομεν
1030 2490 1214 2567 σκοπούμενοι
1238 2488 1375 2554 διδοοσκά-

245 2611 313 2668 λους
336 2595 361 2660 θ’
384 2599 462 2674 ἡμῶν
484 2595 614 2673 άγοιθοὺς
637 2594 687 2658 ιιοοί
711 2594 885 2672 ἐλλογίμους
909 2593 1138 2670 γεγονότοςκαὶ
1159 2595 1380 2678 claricaturam

214 2701 348 2771 (λπολλά
382 2701 436 2779 μὲν
469 2701 531 2766 κοιλ
549 2701 631 2764 κοιλά
661 2701 742 2778 μετά
771 2703 827 2764 τῶν
859 2698 1036 2765 διδοισκάλων
1064 2700 1267 2779 ᾠκοδομημένοι
1289 2702 1376 2777 ἡμῖν,

247 2808 347 2874 πολλά
378 2807 407 2872 δὲ
422 2808 493 2897 ,κοιλ
515 2805 572 2888 tela
601 2809 694 2883 ἡμῶν,
720 2806 817 2880 ἐπειδὴ
840 2812 895 2870 τῶν
926 2805 1104 2870 διδοισιιάλοιν
1135 2805 1377 2888 άπνλλάγημεν,

281 2975 328 3023 514
354 2971 375 3022 0
402 2975 475 3023 πολλὰ
509 2972 534 3022 δὲ
565 2975 602 3023 κοιλ
633 2971 679 3037 aa
712 2969 787 3035 ἡμῶν]
839 2971 866 3020 in
888 2970 982 3034 Gorgia
1003 2971 1068 3020 ratio
1085 2971 1171 3020 haberi
1187 2973 1279 3036 potest.
1304 2968 1338 3018 In
1354 2970 1379 3018 Α

248 3040 343 3104 Magna
360 3041 459 3104 δημόσιοι
474 3036 589 3088 aedificia
605 3045 790 3097 exstructurcs,
840 3041 859 3089 σί
877 3037 912 3088 οὖν
928 3041 1100 3106 παρεκαλοΰμιν
1114 3040 1221 3096 ἀλλήλους
1237 3038 1380 3103 -δημοσίᾳ

248 3106 296 3172 (ita
312 3105 476 3155 ratiocinatur
488 3103 612 3170 Socrates)
630 3108 730 3168 oportet
744 3118 790 3152 nos
840 3107 968 3173 πράξαντος
985 3105 1100 3153 codicum
1117 3106 1160 3153 alii
1175 3105 1243 3152 hunc
1258 3104 1379 3151 aoristum

248 3172 377 3236 inquirere
398 3175 421 3221 σί
434 3191 457 3223 τι
473 3168 561 3221 πώποτ’
578 3170 719 3235 οίκοδόμημοι
737 3175 785 3220 atro·
840 3171 884 3220 alii
906 3170 1023 3228 futurum
1039 3175 1164 3235 πράξοντες
1179 3170 1280 3218 habent.
1307 3170 1338 3216 ln
1353 3168 1379 3217 D

249 3239 380 3303 δομήκοιμιν
394 3239 448 3303 lata.
469 3237 519 3285 Ubi
528 3238 607 3300 igitur
615 3253 718 3302 pergens
728 3237 791 3284 dicit
842 3236 955 3286 Socrates
980 3237 1030 3285 alio
1052 3240 1164 3301 exemplo
1188 3242 1259 3284 utens
1276 3233 1380 3284 eandem

249 3311 270 3355 el
285 3310 328 3369 μὲν
344 3303 522 3369 (inquirentes)
538 3305 668 3370 εὑρίσκομεν
685 3306 791 3352 -ὀλιιο
840 3303 971 3352 continuat
1001 3302 1217 3351 ratiocinationem
1245 3301 1380 3364 eodemque

249 3372 375 3437 δομήματοι
390 3372 463 3421 πολλὰ
478 3373 516 3420 καί
532 3375 591 3420 καλὰ
604 3375 666 3433 μετὰ
677 3380 721 3419 τῶν
730 3370 791 3418 διδα-
839 3368 890 3418 fere
905 3369 981 3417 modo
999 3369 1075 3418 dicit:
1092 3372 1165 3420 οὐκοῦν
1179 3394 1213 3406 -·
1229 3371 1249 3417 τί
1264 3372 1380 3436 ἐπιχειρή-

250 3441 334 3487 σιιάλων
357 3437 517 3502 ᾠκοδομημένοι
542 3440 609 3499 ἡμῖν,
632 3437 659 3484 in
683 3435 724 3484 his
738 3435 792 3499 jam
840 3455 920 3493 σαντες
936 3436 1075 3500 δημοσιεύειν
1085 3438 1256 3503 παρεκαλοῦμεν
1266 3436 1379 3491 ἀλλήλους.

249 3506 387 3552 necessario
420 3502 571 3564 cogitatione
598 3500 791 3563 intelligendum
840 3503 983 3550 Nonnullae
1007 3503 1129 3551 editiones
1152 3503 1245 3550 habent
1265 3499 1381 3548 futurum

250 3569 304 3635 ίδίᾳ.
330 3567 396 3617 Ουτοι
413 3573 495 3620 autom
513 3581 586 3616 nemo
597 3566 646 3616 hoc
658 3568 704 3632 ἰδίᾳ
714 3567 742 3615 in
752 3566 793 3615 his
842 3568 971 3633 participii
986 3569 1055 3617 verbi
1071 3573 1200 3635 ἐπιχειρεῖν.
1229 3564 1324 3614 Utrum
1341 3565 1380 3614 fu-

251 3635 375 3700 soriptum
391 3633 530 3682 desiderare
545 3633 641 3697 possit,
662 3632 747 3696 ecquis
765 3632 793 3680 id
841 3641 929 3682 turum
952 3650 983 3682 an
1005 3635 1126 3683 aoristum
1147 3631 1249 3698 scripsit
1264 3630 1338 3681 Plato
1353 3631 1382 3679 in

251 3699 410 3750 desideretin
419 3699 659 3763 sequentibusrroll&
668 3699 793 3750 itxoelxrt?
843 3707 951 3764 utroque
966 3699 1037 3750 loco?
1063 3699 1132 3748 Mihi
1148 3699 1263 3748 futurum
1274 3698 1302 3746 in
1313 3701 1382 3746 utro-

250 3767 318 3817 Tum
333 3765 474 3829 illudtpea
491 3780 549 3814 cnm
565 3771 688 3814 commate
696 3780 796 3828 quoquo
843 3782 894 3830 qne
919 3767 974 3815 loco
999 3766 1106 3830 flagitari
1130 3766 1238 3814 videtur·
1268 3764 1384 3827 Namque

250 3833 427 3898 respuendum.
437 3831 497 3880 Jam
506 3831 604 3880 dixerat
611 3830 794 3888 Socratesvirea
843 3832 981 3881 absurdum
1002 3832 1076 3896 longa
1094 3831 1285 3881 ratiocinatione
1300 3833 1382 3878 osten·

250 3901 316 3966 ρίλιιν
331 3902 375 3950 τινὶ
385 3902 400 3956 ἡ
410 3902 521 3965 ἡμίτομον
532 3899 612 3949 αὐτῶν.
630 3897 717 3960 Neque
727 3902 794 3946 recte
842 3898 912 3957 dere,
929 3899 974 3962 qui
988 3899 1041 3963 jam
1057 3899 1205 3962 inceperunt
1217 3897 1256 3946 vel
1268 3896 1383 3944 institua-

251 3967 286 4031 ‘ep'
302 3972 364 4028 ἡμῶν
380 3980 460 4012 unum
477 3966 587 4013 codicem
604 3963 684 4011 secuti
699 3963 792 4021 edunt,
838 3967 903 4013 runt
913 3970 1024 4032 πράττειν
1034 3984 1056 4016 τι
1068 3966 1165 4029 δημοσίᾳ
1176 3968 1220 4012 aut
1231 3963 1380 4028 δημοσιεύειν,

251 4031 311 4094 quia
338 4032 365 4078 in
392 4030 514 4094 proximis
542 4031 593 4092 jam
618 4029 714 4078 dictum
740 4033 793 4078 erat
841 4046 891 4094 qua
906 4031 1024 4079 instituta
1040 4032 1203 4094 inquisitione
1219 4029 1266 4078 hos
1281 4030 1402 4077 demum¹

252 4097 414 4163 ᾠκοδομημένα
429 4100 483 4160 ἡμῖν
499 4095 542 4160 (=
559 4096 595 4162 ὑφ’
611 4096 701 4160 ἡμῶν),
717 4095 793 4159 idque
843 4101 957 4161 oporteat
973 4101 1028 4148 ίένοιι
1044 4101 1081 4147 ἐπὶ
1097 4102 1127 4147 τὰ
1144 4098 1242 4160 δημόσιοι
1258 4100 1315 4162 ἔργα
1332 4093 1384 4142 sive

252 4169 315 4226 μετὰ
325 4175 369 4212 τῶν
379 4163 522 4212 διδασκάλων.
541 4161 795 4224 Reddeigiturvoces
843 4168 919 4229 ἐπιχσι
936 4171 967 4213 σῖν
988 4172 1034 4220 τοῖς
1057 4165 1170 4227 δημοσίοις
1192 4168 1265 4230 ἔργοις
1287 4162 1325 4226 (in
1350 4159 1383 4225 (ί)

153 4290 158 4301 ¹
253 4229 299 4294 ίδίᾳ
321 4233 383 4290 ἡμῶν
404 4228 482 4275 sciolo
509 4227 645 4293 explicanti
660 4227 705 4276 illa
721 4228 797 4287 ἐπειδὴ
844 4230 896 4278 sive
912 4183 1033 4296 ίίιιχειρσῑν
1049 4224 1187 4293 δημοσιεύειν
1202 4229 1241 4288 ain
1251 4227 1294 4291 E).
1311 4226 1385 4286 Quae

253 4295 392 4346 διδασκάλων
398 4295 571 4358 ἀπηλλάγημεν,
583 4294 621 4342 vel
630 4293 728 4359 ellipsin
739 4299 797 4359 post
843 4295 918 4344 verba
933 4306 1069 4359 utrumque
1085 4299 1168 4343 locum
1181 4294 1309 4342 claudunt.
1326 4291 1383 4341 Gal·

253 4359 451 4425 xatexplenti.—
464 4362 613 4422 Protagoras
619 4359 796 4412 habetixitiu-
845 4361 914 4410 licles
931 4363 1032 4426 quidem
1049 4377 1105 4410 cum
1123 4361 1176 4408 suis
1192 4363 1326 4427 ἐπεχείρησε
1342 4376 1383 4409 πο-

171 4455 176 4469 ι
255 4429 340 4477 σιάλων
355 4427 513 4488 ἀπαλλαγῆναι
529 4425 560 4474 de
576 4437 677 4492 φοιτῶσιν
693 4431 724 4483 τίς
735 4428 796 4478 διδα·
845 4430 971 4479 λισσάεσθοιι
998 4428 1064 4496 (ἄρτι
1089 4433 1159 4494 ἄρχει
1184 4428 1231 4473 tlt
1257 4428 1309 4488 Α),
1340 4425 1394 4474 sed'

256 4496 349 4543 οιιάλιιν.
382 4493 526 4541 Secundum
548 4495 584 4541 roi
605 4499 721 4541 naturam
737 4507 797 4542 neu·
846 4509 926 4558 nequa
935 4497 976 4543 hic
985 4509 1065 4557 neque
1074 4494 1186 4543 Socrates
1194 4491 1382 4556 aliquideormn
1483 4521 1485 4524 >

255 4559 335 4618 trima,
361 4573 441 4624 neque
465 4563 507 4610 τοῦ
530 4563 555 4610 λιι
575 4573 656 4623 neque
683 4562 724 4609 τοῦ
748 4562 796 4624 rie,
846 4559 927 4610 facere
950 4564 1098 4629 ἐπεχείρησε,
1122 4573 1186 4624 quae
1212 4559 1240 4606 in
1265 4556 1385 4622 exemplis
1475 4620 1478 4626 .

1158 4643 1222 4703 ,17
