3038 5122
501 308 916 378 Pnonuoonnua.
1221 330 1285 373 xxv

138 513 192 592 ut,
216 513 342 577 fuerunt
365 518 467 576 tamen
490 535 536 577 ex.
560 536 605 598 gr.
628 514 805 594 Ἀριστειδης
827 514 1055 596 ὁΛυσιμοίχου,
1073 522 1103 579 et
1120 516 1226 601 erunt)
1243 554 1284 568 -

138 617 227 685 αὗται
257 619 306 684 τὸν
336 618 381 683 aa>
412 617 513 699 χρόνον
542 618 583 684 τοὶ
614 619 814 700 φοβερώτατα
844 619 1016 701 ποίσχουσαι
1040 624 1091 686 οὐκ
1117 622 1282 700 ὀνίνανται,

138 723 240 797 σίλλοις
271 722 507 805 παραδείγματα
531 761 572 773 --
596 724 737 803 θεοίμαπα
769 726 981 804 νουθετήματα.
1013 726 1102 791 ἕνιθπε
1134 727 1241 791 είσιδίιν
1268 727 1283 792 ί

139 830 277 905 δικαστής
294 830 408 902 δικαίως
423 829 604 908 βεβιακυίοον
617 830 796 916 plerumque
808 831 918 897 ἰδιώτου
925 880 936 915 ,
954 830 1092 910 μοίλιστα
1104 832 1282 914 φιλοσόφου,

138 938 178 1008 είς
201 936 340 1017 μακοίριον
364 937 463 1012 νήσους
485 933 653 1017 εἰσέπεμψε
676 973 720 989 --
744 938 808 1002 526
833 937 871 1004 D.

510 1161 650 1228 CAPUT
672 1161 847 1230 vll-tat
872 1163 907 1228 Ε.

191 1331 330 1398 Socrates
353 1340 527 1414 παρακαλεῖ
545 1334 612 1406 τοὺς
634 1331 744 1407 ἄλλους
767 1333 884 1408 ποίντας
907 1333 1067 1414 ἀνθρώπους
1092 1341 1123 1397 et
1149 1336 1228 1398 οίντι-

303 1445 477 1519 παρακαλεί
496 1436 653 1504 Calliclem
677 1438 716 1503 ad
739 1439 788 1504 τδν
809 1440 839 1504 ἕν
862 1439 1026 1522 Φιλοσοφία
1048 1437 1120 1516 βίον.

187 1609 280 1690 Quod
296 1617 460 1695 postquam
475 1607 549 1673 fecit
564 1609 702 1673 Socrates
719 1610 762 1673 sic
778 1611 895 1695 pergit:
915 1610 1036 1692 ὀνειδίζω
1055 1634 1098 1675 σοι
1115 1608 1284 1695 (Callicli),

142 1711 186 1780 ὅτι
209 1718 268 1796 οὐχ
291 1710 345 1785 οἷός
368 1715 395 1778 τ’
419 1714 477 1781 ἔσει
497 1717 597 1797 σαυτῷ
615 1715 776 1792 βοηθῆσαι,
796 1714 868 1781 ίπαν
890 1719 907 1792 ή
927 1715 989 1792 δίκη
1008 1739 1051 1780 σοι
1071 1714 1107 1796 ή,
1127 1716 1213 1782 οίλλίο
1224 1752 1285 1794 -,

140 1820 258 1886 ἐπειδοίν
279 1844 330 1885 σου
351 1820 567 1898 ἐπιλαβόμενος
589 1822 604 1883 ὁ
628 1820 737 1893 Αἰακὸς
761 1820 823 1904 ίίνη
845 1859 907 1897 -‚
930 1845 965 1884 σε
989 1819 1055 1893 ἴσως
1075 1822 1219 1895 τυπτήσει
1237 1845 1283 1893 τις

141 1925 189 1991 ε’πί
205 1925 303 2007 κθρρης
321 1928 398 2008 (486
415 1925 443 1992 B
458 1925 513 2011 0):
529 1926 616 1990 -si
631 1925 756 2010 quidem
772 1964 817 1976 -
831 1926 916 2004 μόνος
936 1922 1017 2000 οὗτος
1037 1930 1139 2009 ήρεμεί
1151 1928 1165 1993 ὁ
1177 1927 1282 2003 λίνος,

142 2035 179 2105 ὥς
202 2033 383 2110 εὐλαβητέον
404 2034 438 2099 τδ
461 2032 568 2098 οίδικείν
591 2035 709 2108 μᾶλλον
724 2038 775 2099 τοῦ
790 2032 950 2098 οίδικεῑσθαι
967 2035 1043 2117 (cap.
1060 2032 1087 2097 l.
1104 2031 1185 2097 Sect.
1202 2031 1239 2096 II
1253 2039 1285 2098 et

141 2161 206 2224 cap.
221 2138 282 2203 ΙΙΙ.
308 2141 325 2224 t
345 2140 395 2225 1),
415 2138 464 2204 καί
484 2137 594 2212 παντὸς
615 2142 734 2216 μᾶλλον
748 2138 826 2218 οίνδρδ
842 2138 1018 2216 μελετητέον
1032 2137 1065 2203 πθ
1081 2138 1195 2216 οίραθδν
1210 2133 1283 2203 εἶναι

141 2246 193 2311 καί
215 2245 273 2328 ίδίρο
292 2244 342 2310 καί
365 2244 497 2327 δημοσίρι·
521 2244 648 2325 δεύτερον
667 2243 781 2322 σίραθὸν
797 2243 831 2309 πδ
846 2245 1000 2323 γίγνεσθαι
1016 2244 1129 2308 διδθντα
1145 2244 1239 2319 δίκην,
1255 2243 1283 2307 si

142 2351 212 2436 quis
235 2350 366 2432 οίδικήση·
388 2361 424 2432 πή
449 2355 576 2433 ῥητορική
599 2348 741 2432 χρηστέον
763 2349 811 2415 ἐπὶ
834 2349 868 2414 τδ
890 2350 996 2415 δίκαιον
1018 2349 1064 2416 oiri
1083 2351 1134 2414 καί
1149 2359 1187 2433 πή
1203 2347 1283 2432 οίλλη

143 2455 226 2537 ποίση
242 2455 356 2536 πρήξει.
377 2492 422 2506 -—
439 2454 628 2533 οίκολοθθησον
644 2456 768 2535 ἐνταῦθ’,
778 2449 808 2521 cl
818 2455 996 2537 οίφικθμενος
1007 2456 1221 2534 εὐδαιμονήσεις
1232 2455 1284 2519 καί

144 2559 198 2641 ζῶν
229 2560 279 2626 καί
309 2563 511 2640 τελευτήσας,
534 2597 579 2611 ·-
601 2558 692 2641 θοίρρει
715 2562 768 2633 τήν
791 2561 897 2640 ίίπιμον
919 2561 1032 2638 ταύτην
1054 2562 1184 2640 πληγήν·
1207 2561 1285 2627 οὐδὲν

144 2668 204 2746 γὰρ
227 2666 313 2733 δεινδν
328 2668 435 2741 πείσει,
452 2668 503 2732 εὀδν
517 2668 558 2748 τῷ
574 2665 631 2733 ίντι
646 2665 679 2750 ής
696 2666 787 2740 καλὸς
802 2667 934 2745 κοίναθδς
949 2670 1045 2732 οίσκῶν
1060 2668 1176 2747 οίρετήν·
1192 2689 1285 2752 quam

144 2773 329 2849 οίσκήσαντες
363 2771 487 2838 demum
520 2773 714 2851 ε’πιθησθμεθα
742 2781 803 2845 τοῖς
834 2781 1003 2844 πολιτικοῖς.
1035 2773 1205 2837 secundum
1236 2773 1285 2838 πδν

142 2878 231 2958 λόγον
261 2879 344 2944 enim
374 2874 456 2952 οὗτος
478 2879 493 2945 ὅ
515 2876 619 2957 τρίπος
642 2878 756 2959 οίρισπος
778 2883 829 2943 τοῦ
852 2879 938 2955 βίου,
960 2882 1014 2953 τήν
1036 2879 1213 2953 δικαιοσύνην
1235 2878 1285 2944 καί

143 2985 196 3058 τήν
226 2984 323 3060 ἄλλην
355 2986 459 3064 οίρεπήν
486 2985 651 3056 ἀσκοῦντας
674 2986 724 3049 καὶ
748 2984 799 3063 ζήν
822 2984 872 3049 καί
895 2983 1039 3050 τεθνοίναι·
1063 2985 1155 3064 τούτῳ
1176 2979 1224 3048 οὖν
1245 2986 1286 3065 τῷ

144 3089 224 3172 λίνῳ
254 3091 392 3170 ἑποίμεθα
424 3128 483 3166 -,
515 3091 559 3167 μή
588 3089 701 3170 ε’κείνιρ,
731 3083 753 3172 ᾧ
784 3089 821 3155 σὺ
848 3092 991 3156 πιστεύων
1014 3091 1067 3168 ἐμὲ
1088 3096 1285 3168 παρακαλεῖς·

144 3195 207 3260 ἔστι
229 3196 290 3278 γὰρ
312 3195 421 3269 οὐδενὸς
443 3193 543 3274 ἄξιος,
566 3190 587 3259 ὦ
610 3196 799 3275 Καλλίκλεις.

614 3383 810 3396 w

444 3530 635 3597 conolnn
671 3529 987 3596 ARGUMENTUM.

193 3702 283 3768 Nihil
307 3702 463 3767 difficilius
488 3726 580 3789 quam
604 3703 736 3788 Gorgiae
759 3713 971 3788 argumentum
996 3703 1059 3767 sive
1083 3701 1185 3766 thema
1202 3700 1287 3786 quod

147 3809 256 3874 dicunt
287 3810 392 3894 paucis
424 3817 454 3872 et
490 3810 635 3873 dilucidis
664 3809 763 3874 verbis
790 3808 962 3894 complecti.
1005 3808 1102 3873 Multi
1124 3808 1181 3872 viri
1204 3807 1287 3873 docti

147 3915 297 4001 imprimis
323 3916 405 4000 apud
430 3916 600 3980 Germanos
624 3917 657 3979 iu
681 3916 738 3980 hac
761 3938 793 3980 re
818 3914 1014 3979 elaborarunt
1037 3923 1068 3977 et
1084 3936 1140 3978 suo
1156 3915 1288 3998 quisque

148 4021 240 4085 modo
264 4023 366 4086 thema
389 4023 544 4108 quoddam
562 4022 677 4107 dialogi
694 4020 909 4097 defenderunt,
927 4020 979 4084 sed
997 4020 1089 4104 vulgo
1106 4029 1160 4083 aut
1176 4021 1288 4103 partim

150 4131 270 4190 tantum
286 4135 340 4192 aut
356 4138 416 4193 tam
436 4131 601 4214 generatim
623 4135 653 4192 ct
672 4128 831 4193 indefinite
851 4127 883 4191 id
899 4127 1143 4213 descripserunt,
1156 4134 1193 4190 nt
1208 4127 1289 4210 ipsas

147 4253 214 4309 res,
236 4233 273 4296 de
294 4233 407 4317 quibus
429 4235 589 4319 primariae
608 4234 802 4318 quaestiones
815 4232 974 4310 habentur,
992 4253 1080 4297 nemo
1092 4231 1180 4295 facile
1192 4254 1228 4294 ex
1241 4253 1289 4296 oo·

148 4357 219 4401 rum
244 4338 449 4423 descriptione
469 4349 570 4404 mente
590 4340 755 4408 informare
770 4341 883 4424 possit,
902 4338 1015 4402 nedum
1027 4337 1208 4402 nominatim
1221 4359 1289 4423 pro·
1374 4385 1377 4391 ·

146 4442 223 4506 ferre
248 4452 278 4506 et
303 4443 416 4526 eloqui.
452 4444 551 4508 'lanta
574 4455 679 4519 autem
703 4445 735 4509 in
759 4445 818 4509 hoc
835 4444 959 4529 dialogo
974 4465 1075 4507 rerum
1091 4449 1138 4506 est
1154 4443 1241 4528 copia
1257 4450 1288 4508 et

147 4549 294 4626 varietas,
315 4557 378 4613 tam
399 4547 522 4613 subtilis
543 4550 768 4636 argumentatio
788 4549 943 4615 Socratica
966 4556 997 4613 et
1019 4547 1177 4634 ingeniosa
1192 4547 1290 4613 diver·

1131 4669 1166 4712 rr
