3038 5122
665 258 944 351 noueris.
1318 291 1380 355 ιιι

151 498 153 502 ’
246 487 342 564 ὄντες,
369 487 454 554 ἄλλοι
477 488 503 552 δ’
526 486 667 586 θνίναντσι
690 488 714 552 οἱ
737 488 852 561 τούτους
876 490 990 568 ὁρῶντες
1014 490 1061 555 διοδ
1084 491 1139 562 τύις
1165 493 1313 572 οέμαρτίσις
1339 494 1381 559 τύι

219 627 221 630 ’
245 593 377 672 μέγιστα
401 593 451 659 κού
474 593 665 674 θδυνηρύτσιτιι
686 595 734 658 καὶ
758 593 956 678 Φοβερύτατνι
978 595 1055 670 τσίθη
1079 586 1255 678 τσίσχσντσις
1271 600 1319 663 τὸν
1331 601 1379 664 risi

147 726 150 731 ·
243 697 358 783 χρόνον,
389 700 523 779 ατεχνῶς
546 688 779 778 παραδείγματα
802 700 1009 779 ἀνηρτημένους
1033 704 1094 765 ἐκεῖ
1114 702 1140 764 ἐν
1161 699 1261 767 ’Ἀιδου
1277 705 1312 785 ιἐν
1335 707 1376 786 τῷ

189 804 196 813 ’
244 805 424 884 δεσμωτηρίῳ
431 853 441 886 ,
473 810 532 876 τοῖς
564 805 609 869 risi
637 808 691 867 τῶν
715 804 818 870 σὶδίνιννν
840 805 1055 886 ἀφικνουμένοις
1079 805 1216 881 θεοίματα
1240 808 1288 871 καὶ
1314 830 1376 873 νού-

209 909 406 987 Βθετύμοιτα.
429 905 464 973 ιδν
487 909 543 985 ἐγύ
569 916 647 991 Φημι
670 908 720 974 ἕνα
743 910 790 974 καὶ
815 912 977 990 Ἀρχέλαον
994 912 1126 995 ἔσεσθαι,
1143 915 1166 976 εί
1182 915 1275 988 σὶληθῆ
1290 915 1376 990 λέγει

244 1020 357 1088 Πῶλος,
380 1013 430 1079 καί
453 1011 543 1086 σθλλον
567 1013 645 1085 ύστις
668 1014 704 1080 θον
727 1021 848 1087 τοιοῦτος
872 1016 1006 1096 τύραννος
1030 1015 1055 1099 ᾖ.
1079 1013 1157 1094 οἶμαι
1182 1018 1282 1082 δὲκαὶ
1309 1019 1379 1091 τοὺς

243 1121 368 1192 πολλοὺς
401 1114 471 1184 εἶναι
504 1122 569 1194 τοὺς
600 1121 706 1186 τούτων
737 1127 792 1186 τῶν
823 1121 1071 1200 τιιροιδειγμσίτισν
1104 1124 1136 1188 ἐκ
1157 1123 1297 1204 τυροίννινν
1319 1124 1369 1188 καί

242 1225 389 1304 βασιλέοιν
419 1227 468 1291 καί
492 1227 635 1291 δυναστῶν
658 1226 707 1291 καί
730 1228 771 1292 τύι
792 1233 847 1292 τῶν
871 1219 980 1293 Ιντύλειον
1005 1226 1176 1308 τραξύντονν
1202 1231 1378 1306 γεγονότας.

243 1327 316 1396 σύτσι
345 1332 404 1411 γύιρ
435 1331 483 1397 διύι
507 1332 558 1406 την
582 1331 712 1408 ἐξουσίαν
734 1331 866 1409 μέγιστοι
890 1332 938 1397 καὶ
962 1333 1144 1398 σὶνοσιύτατα
1164 1335 1372 1413 σύμσιρτύμοθτα
1399 1369 1407 1418 g

243 1435 449 1515 ύμαρτοίνουσι.
478 1444 620 1518 μαρτυρεῖ
646 1437 674 1501 δὲ
701 1438 810 1509 τούτοις
837 1439 886 1502 καί
908 1436 1046 1519 Ὅμηρος·
1069 1439 1215 1516 βασιλέας
1239 1441 1297 1517 γύιρ
1322 1442 1370 1505 καί

209 1541 387 1616 Εδυνσθστας
410 1544 512 1613 ἐκεῖνος
536 1542 674 1617 τετοίηνιε
696 1545 761 1613 τοὺς
785 1545 813 1608 ἐν
833 1544 932 1609 ’Άιδου
955 1544 1003 1607 τὸν
1019 1544 1064 1608 risi
1085 1546 1181 1624 χρύνσν
1198 1549 1373 1624 τιμωρουμέ-

243 1671 321 1730 νους,
352 1646 507 1712 Τοίνταλον
537 1652 586 1713 καί
610 1649 740 1730 Σίσυφον
762 1649 811 1714 κού
836 1648 949 1715 Τιτυθν.
974 1650 1112 1727 Θερσίτην
1135 1651 1181 1725 δὲ,
1205 1653 1253 1715 καί
1279 1650 1305 1715 εί
1327 1677 1371 1724 τις

217 1808 220 1813 ,
243 1750 333 1825 σ’ίλλσς
357 1753 472 1833 τσνηρδς
495 1751 526 1831 ἦν
549 1755 672 1832 ἰδιώτης,
697 1754 784 1826 οὐδεὶς
806 1756 945 1830 τετοίηκε
960 1755 1111 1834 μεγοίλσιις
1127 1757 1275 1837 τιμιοριάις
1291 1783 1372 1821 συνε-

241 1858 365 1941 χθμενον
387 1861 423 1931 ὥς
445 1860 572 1924 σίνίατον·
595 1863 626 1926 ού
648 1862 726 1942 γαρ,
750 1857 846 1938 οἶμαι,
872 1860 937 1936 ἐξῆν
958 1862 1048 1941 αὐτῷ·
1072 1861 1111 1924 διδ
1138 1862 1187 1926 καὶ
1212 1862 1376 1936 εύδσιιμονί-
1419 1872 1423 1880 “

242 1990 338 2045 στερσς
361 1959 394 2039 ἦν
414 1965 431 2041 ύ
453 1961 496 2039 οἷςΙ
516 1965 590 2043 ἐξῆν.
615 1967 699 2032 σίλλοδ
720 1967 797 2047 γύιρ,
822 1963 1058 2049 ύιΚοιλλίκλεις,
1082 1969 1115 2032 ἐκ
1134 1972 1188 2031 τῶν
1208 1968 1369 2046 δννσιμένινν
1394 2034 1396 2039 ,

170 2071 295 2149 526είσὶ
325 2069 376 2137 καί
407 2073 431 2136 οἱ
457 2072 570 2154 σφθδρα
597 2073 706 2153 τσνηροί
731 2072 895 2152 γιγνόμενοι
919 2071 1066 2153 σθνθροννιοι·
1089 2073 1164 2137 οὐδὲν
1187 2074 1244 2149 μην
1267 2073 1387 2138 κινλύει4

172 2244 175 2248 ,
243 2178 291 2242 καὶ
323 2180 351 2242 ἐν
381 2177 491 2250 τούτοις
516 2178 644 2255 ύγαθσὺς
667 2177 771 2258 ἄνδρας
795 2179 1002 2258 ἐγγίγνεσθον,
1028 2178 1077 2243 καὶ
1101 2178 1213 2259 σφθδρα
1236 2178 1268 2255 γ’
1292 2178 1371 2254 ύξισν

243 2281 374 2362 ἄγασθαι
396 2289 451 2348 τῶν
474 2285 660 2362 γιγνομὲνων·
684 2285 821 2364 χαλεπὸν
843 2286 919 2366 γύιρ,
943 2281 963 2350 ὦ
986 2287 1180 2369 Καλλίκλεις,
1197 2285 1245 2349 καὶ
1262 2291 1374 2351 τσλλσύ

154 2456 157 2477 Ι
243 2390 358 2454 ἐταίνου
377 2387 454 2464 ίιξισν
475 2391 503 2452 ἐν
523 2390 645 2470 μεγσίλη
664 2388 778 2473 ἐξουσία
789 2396 839 2456 τοῦ
850 2392 956 2456 σίδικεῑν
969 2391 1243 2469 γενύμενονδικαίυς
1257 2390 1372 2467 διαβιῶ·

244 2520 299 2561 νσιι.
320 2496 411 2570 θλίγσι
430 2495 459 2558 δὲ
476 2487 628 2571 γίγνονται
648 2496 672 2559 σὶ
692 2501 819 2560 τοιοῦτον
840 2495 902 2561 ἐτεδ
919 2497 971 2563 ,καὶ
991 2495 1087 2561 ἐνθύδε
1103 2496 1151 2560 καὶ
1164 2495 1264 2561 ύλλοθι
1279 2496 1387 2574 γεγύ-

247 2624 344 2680 νασιν,
363 2596 443 2680 οἶμαι
462 2601 490 2665 δὲ
507 2602 555 2665 κού
577 2601 689 2666 ἐσοντσιι
708 2603 791 2667 καλοὶ
808 2602 930 2681 κσίγιιθοὶ
943 2601 1053 2677 ταύτην
1064 2603 1116 2677 την
1128 2605 1246 2681 σὶρετην,
1260 2604 1311 2678 την
1324 2608 1375 2669 τού

278 2797 314 2819 -,
327 2769 352 2818 D
373 2769 429 2822 τίνοι
445 2771 495 2828 τούς
511 2771 595 2822 τούτων
610 2782 652 2822 τῶν
662 2772 791 2840 παραδειγ.
826 2761 830 2765 ’
838 2769 927 2833 gerint.
939 2769 1094 2835 Agneeeisne
1101 2769 1193 2819 iterum
1199 2770 1326 2820 sordidam
1335 2788 1378 2821 an·

246 2841 374 2901 μάτων-
391 2838 520 2902 γεγονότας]
555 2837 624 2886 Illud
643 2839 693 2895 τοὺς
709 2838 789 2887 estin
838 2837 1008 2886 notationem?
1026 2836 1088 2899 quid
1103 2836 1170 2895 enim
1187 2837 1236 2885 sibi
1251 2838 1341 2886 volunt
1354 2841 1379 2889 σθ

247 2902 376 2952 eodieibus
400 2909 445 2953 aut
470 2908 527 2952 ante
549 2904 646 2968 τούτων,
672 2908 715 2953 aut
731 2909 790 2970 post
837 2910 867 2968 γα
891 2906 983 2962 -ἐξῆν
991 2905 1068 2969 αὐτῷ.)
1081 2901 1239 2962 Quidfasere
1247 2903 1378 2955 Thersitae

246 2970 342 3034 τούτων,
360 2972 404 3018 aut
420 2970 527 3019 extrusit
543 2969 612 3020 idem
628 2972 725 3034 τούτων,
744 2976 789 3020 aut
836 2924 928 3019 vesulii
935 2970 1034 3035 privato
1043 2968 1377 3020 nonlieuissedieitauet'er?

245 3033 330 3100 ipsum
353 3036 471 3098 migravit
487 3040 545 3085 ante
561 3041 586 3087 ἑκ
602 3043 725 3104 τυράννων,
744 3043 789 3086 aut
836 3035 982 3101 Respondes
993 3039 1378 3106 μθηιοτακαὶάνισιώταταάμαρ·

246 3102 349 3150 omnino
363 3102 439 3151 abest.
462 3101 553 3166 Itaque
561 3103 622 3152 huie
630 3105 788 3160 retreausam
837 3111 933 3168 τηματα
961 3107 1109 3170 ἁμαρτάνειν.
1141 3101 1285 3160 Assentior,
1311 3103 1377 3152 nihil

247 3166 416 3232 corrupt-ionis
433 3168 533 3217 subesse
548 3169 664 3221 arbitror.
680 3170 801 3234 Propter·
836 3170 907 3226 aliud
930 3167 1038 3231 intelligi
1062 3172 1145 3233 potest
1170 3168 1202 3216 ad
1227 3167 1292 3217 illud
1317 3171 1374 3228 ἐξῆν.

246 3232 295 3282 hoe
311 3236 361 3290 sele
373 3233 492 3282 ultimum
506 3235 789 3301 yryoebrerestadsorip-
838 3235 922 3300 Atque
943 3234 1109 3299 interpolator
1129 3234 1195 3282 nihil
1211 3234 1280 3283 aliud
1296 3236 1377 3284 voluit

245 3303 316 3357 tum,
332 3304 357 3350 et
373 3305 477 3365 propter
493 3304 576 3350 totum
587 3303 788 3352 additamentum
837 3301 927 3352 disere.
945 3300 1040 3350 Verum
1056 3317 1119 3349 num
1135 3301 1171 3349 sie
1187 3302 1377 3367 reeteeaserip·

245 3368 296 3424 τσδς
306 3367 395 3418 τούτοιν
400 3377 442 3418 τῶν
452 3369 659 3435 παραδειγμάτων,
672 3384 729 3418 uum
738 3371 789 3428 τοὺς
836 3368 884 3426 sit,
900 3372 931 3417 ut
946 3367 1108 3430 intelligenda
1121 3367 1155 3417 ad
1172 3384 1200 3417 ea
1216 3383 1246 3416 ex
1257 3372 1328 3418 tanto
1339 3369 1377 3417 in·

245 3431 298 3481 sine
319 3433 368 3481 hoe
388 3434 471 3483 τούτων
486 3438 552 3482 stare
568 3450 617 3484 non
638 3440 735 3501 posset,
752 3435 788 3484 sl·
836 3435 940 3484 tervallo
965 3434 1080 3499 superius
1103 3433 1204 3499 seriptis
1228 3434 1315 3484 lectori
1334 3451 1383 3500 pe·-

245 3503 327 3548 terum
350 3500 434 3550 reisue
454 3499 575 3549 omissum
598 3502 721 3564 estquod
738 3501 788 3551 fuit
838 3503 913 3551 tenda
927 3501 986 3550 sint.
1004 3501 1058 3564 Qui
1075 3499 1154 3549 eredit
1163 3500 1248 3556 aflerat
1256 3502 1376 3567 exempla,

245 3568 302 3614 ante
315 3566 380 3616 εἶναι.
395 3563 488 3613 Nullus
497 3566 586 3615 dubito
595 3567 711 3630 equidem
719 3567 788 3616 hune
838 3583 950 3630 egenen
968 3568 1049 3616 credo.
1082 3566 1213 3616 Praeterea
1229 3567 1295 3615 enim
1312 3568 1377 3625 ride,

176 3661 180 3670 ι
244 3632 328 3681 locum
346 3632 382 3680 sie
398 3631 488 3692 legere:
506 3633 572 3697 οἶμαι
591 3635 614 3682 δὲ
625 3638 662 3684 καὶ
673 3635 723 3691 τοδς
734 3637 788 3684 πσλ-

245 3702 292 3757 lete
314 3700 399 3750 τούτων
423 3698 477 3749 εἶναι
500 3704 524 3748 ἐκ
540 3705 649 3767 τυράννων
665 3704 703 3750 καὶ
718 3706 788 3766 βασι·

244 3769 298 3818 λέων
315 3771 352 3817 καὶ
369 3768 479 3818 δυναστῶν
491 3768 527 3816 καὶ
539 3771 570 3816 τὰ
582 3778 625 3816 τῶν
635 3769 719 3816 πόλεων
727 3784 788 3833 πριι-

245 3835 335 3890 ξάντινν.
357 3834 399 3883 Ad
416 3834 499 3884 τούτων
512 3831 580 3886 enim
595 3832 649 3880 sine
660 3831 737 3880 dubio
749 3832 787 3880 in-

244 3898 409 3962 telligendum
433 3915 463 3949 ex
489 3898 511 3959 (ίι
537 3899 588 3955 τούς
611 3904 714 3955 ἀνιάτους
737 3901 788 3956 τοὺς

244 3968 426 4033 παραδείγματα
448 3972 626 4033 ἀνηρτημένους,
650 3964 696 4028 qui
712 3965 787 4014 etiam

243 4032 277 4080 ad
294 4033 322 4082 ὧν
338 4033 365 4081 in
382 4033 410 4081 ὦν
420 4037 463 4095 ἐγώ
473 4052 531 4098 φημι
542 4029 705 4094 intelligendi.
725 4031 787 4080 Ger·

243 4113 348 4156 manus,
371 4099 465 4162 optime
489 4100 519 4147 de
541 4098 646 4146 Platone
666 4095 787 4155 ueritus,

242 4163 296 4228 jam
317 4163 416 4211 notarit
437 4165 511 4212 verba
527 4173 571 4217 τῶν
588 4165 787 4232 παραδειγμάτων,

244 4228 281 4276 At
297 4243 370 4277 nemo
386 4233 470 4277 tamen
487 4230 552 4278 viam
569 4231 646 4280 abeo
663 4236 786 4279 monstra-

245 4299 298 4343 tam
313 4294 440 4356 ingressus
457 4295 655 4346 emendationem
671 4296 785 4346 absolvit.

278 4387 309 4396 -
327 4359 350 4408 Il
368 4363 392 4411 σύ
407 4366 453 4428 γὰρ
469 4362 780 4425 οἶμαιέξῆν-ἣοίςθξην]

246 4425 331 4486 Quam
339 4426 427 4475 vellem
436 4427 547 4491 ejusdem
554 4428 673 4477 Germani
682 4434 723 4480 τοῦ
730 4436 788 4480 πάνυ

245 4492 337 4541 serinia
351 4492 500 4558 inspiciendi
516 4493 622 4543 facultas
637 4495 702 4543 mihi
714 4500 785 4544 esset.

244 4558 297 4610 vix
312 4558 366 4608 lieri
379 4560 517 4625 potuit,ut
526 4560 586 4610 haee
594 4561 648 4627 ejus
659 4561 738 4611 aciem
746 4560 786 4610 fu·

837 3651 900 3683 num
926 3633 992 3682 nihil
1019 3633 1119 3682 intersit
1143 3627 1212 3681 inter
1236 3636 1312 3690 ἔξεστί
1336 3654 1377 3684 τινι

837 3707 978 3769 ἁμαρτάνειν
1000 3705 1026 3748 et
1049 3697 1077 3750 δι’
1096 3702 1197 3758 ἐξουσίαν
1215 3721 1249 3756 τις
1268 3705 1377 3765 ἁμαρτά·
1409 3721 1411 3725 ·

837 3788 877 3818 νει.
909 3765 1115 3830 Neque-reliqua
1140 3769 1229 3816 διὸκαὶ
1252 3767 1377 3829 starum-

836 3854 917 3948 {²:5⁰⁵
932 3832 1377 3964 liilrtf‘piitiditinslffl‘ltll

847 3917 862 3948 a
890 3917 916 3948 rs
1109 3933 1116 3946 .

837 3969 990 4032 ψελλιξθμτνσν
1006 3965 1129 4022 audisset,
1149 3965 1323 4014 exclamasset:
1341 3963 1378 4022 Ὠς

837 4039 922 4083 σ’ίτντισν
943 4036 980 4082 καὶ
1000 4035 1085 4094 ἄλογον·
1105 4033 1225 4098 δυεῖνγὰρ
1243 4035 1327 4081 ἀθλίοιν
1342 4033 1377 4080 εύ-

837 4100 1008 4164 δαιμσνθστερος
1027 4103 1069 4161 μὲν
1085 4100 1122 4148 ούκ
1139 4103 1166 4148 ἀν
1181 4102 1224 4155 εἴη·
1242 4100 1378 4163 ἀθλιώτερος

836 4172 914 4229 μέντοι
931 4168 942 4214 δ
960 4166 1065 4221 δυνάστης
1081 4167 1171 4220 ἀνίατος
1189 4168 1224 4213 ὤν.
1246 4163 1310 4212 Vide
1322 4164 1377 4213 473.

836 4231 891 4293 Ego
908 4231 993 4293 igitur,
1014 4229 1112 4278 etiamsi
1128 4230 1167 4278 vel
1183 4229 1249 4278 nihil
1263 4229 1377 4278 offensio·

836 4297 875 4345 nis
898 4296 1000 4346 haberet
1016 4296 1106 4353 dictio,
1120 4299 1205 4344 tamen
1218 4311 1270 4344 non
1281 4294 1377 4344 deside·

835 4378 916 4413 rerem
932 4362 972 4420 id,
989 4363 1057 4425 quod
1075 4362 1156 4425 disere
1173 4362 1253 4410 voluit
1267 4362 1377 4426 interpo-

835 4429 908 4485 lator,
929 4428 973 4478 sed
992 4443 1107 4492 perverse
1125 4428 1276 4477 enunciavit.
1307 4426 1378 4488 Qua·

836 4500 939 4560 propter
963 4495 1078 4543 lubenter
1101 4494 1224 4543 assentior
1244 4494 1319 4543 verbe
1334 4493 1378 4542 illa
1417 4532 1423 4539 .

837 4564 923 4614 διὸκαὶ
940 4563 983 4612 ssa.
1001 4563 1047 4612 ms.
1063 4561 1171 4610 notanti.
