3038 5122
638 315 895 384 GORGIAS.
1085 359 1088 365 -
1269 314 1331 378 143

171 521 257 593 Ocior
278 525 307 591 cl
326 550 400 598 τινος
422 525 506 602 μένον
529 521 562 600 ἦν
582 523 615 588 τὸ
638 528 725 601 σῶμα
746 522 835 604 Φύσει
858 520 985 602 ἢτροφη
1006 519 1023 594 ἢ
1046 518 1204 601 ἀμφότερον
1214 517 1331 599 ζῶντος,

165 625 168 631 ’
204 633 305 700 τούτου
334 631 475 698 κάπειδὰν
504 627 631 708 einoldus
661 630 675 694 ὁ
704 629 797 709 νεκρὸς
828 627 945 705 με’μοος,
975 625 1024 690 xci
1052 627 1076 691 si
1099 625 1205 705 τοοχὺ,
1229 626 1333 705 ταχὺς

159 710 163 731 ¹
207 739 272 804 saal
301 731 505 808 ἄποθηνόντοςῖ
516 785 526 819 ,
555 734 605 800 aci
628 729 718 800 τᾶλλ’
740 733 838 819 οὕτως.
862 732 911 797 xci
935 733 959 796 εἴ
983 727 1020 796 οὗ
1044 731 1198 805 ἐπετήδευε
1221 734 1331 810 κομᾶν,

204 845 331 923 κομήτης
353 843 453 908 τούτου
474 841 523 931 sci
547 841 561 905 i
587 839 688 921 νεκρός.
710 840 875 918 corripias
898 834 937 902 ai
957 836 1044 908 εἴτις
1064 831 1097 910 ἦν
1118 836 1167 902 aci
1185 835 1252 918 ἴχνη
1268 833 1334 919 εἶχε

203 955 259 1015 τῶν
280 955 411 1028 πληγῶν·
425 949 514 1019 οὐλὰς
537 949 566 1012 ἐν
586 949 628 1028 τῷ
650 947 765 1025 οώμοοτε
789 944 805 1020 ἢ
831 943 886 1008 ὑπὸ
908 940 1066 1021 μοιοτῖγονν
1089 943 1106 1018 ἢ
1129 940 1228 1008 ἄλλων
1247 967 1333 1024 τρου-

205 1055 308 1133 μοίτων
329 1053 401 1136 ζῶν,
425 1054 473 1119 κοιλ
497 1054 645 1124 τεθνεῶτος
668 1051 702 1117 τὸ
724 1056 812 1128 σῶμοε
834 1048 911 1115 ἔστιν
933 1050 1001 1114 ἰδεῖν
1023 1047 1112 1114 τοῦτ’
1130 1048 1208 1130 ἔχον.
1225 1072 1334 1114 κοετεοο-

142 1229 145 1238 ,
204 1161 283 1238 νότον
317 1160 346 1226 τ’
375 1157 403 1225 si
429 1180 479 1225 τον
510 1156 543 1235 ἦν
570 1158 647 1237 μέλη
678 1158 695 1234 ἦ
726 1151 941 1237 διεστραμμένη
967 1155 1087 1240 ζῶντος,
1111 1155 1160 1220 κοιλ
1183 1156 1334 1227 τεθνεῶτος

169 1262 305 1332 Βτοούτοῖ
324 1267 412 1331 τοῦτ’
435 1264 549 1340 ἔνδηλον.
574 1263 612 1329 ἑνὶ
636 1264 665 1327 δὲ
687 1263 784 1343 λόγῳ,
804 1258 857 1334 olor
876 1258 948 1326 εἷνοοε
964 1261 1334 1343 repromittentem

206 1370 275 1453 ζῶν,
305 1371 411 1446 ἔνδηλον
440 1375 541 1436 ruite
569 1370 618 1434 κοιλ
649 1370 878 1444 τελευτησαντος
901 1367 919 1442 ἢ
942 1366 1032 1432 πάντ’
1059 1367 1139 1443 irai
1163 1369 1263 1442 πολλοὶ
1286 1366 1338 1431 ε’τῖ
1364 1367 1368 1375 ’

207 1557 294 1613 tentia
319 1554 491 1622 Interpolator
508 1571 522 1602 n
539 1557 589 1612 τολς
605 1551 670 1606 ταῦτ’
686 1559 748 1622 ἕχον·
798 1557 892 1617 πληγῶν.
923 1551 1040 1602 Genuina
1056 1553 1188 1603 collocatio
1204 1554 1337 1604 verborum

207 1645 250 1682 ηας
271 1621 414 1688 prolabitur
435 1620 468 1670 ad
489 1626 600 1682 τοιοῦτον,
625 1637 683 1669 cum
706 1621 749 1672 οἶοι
797 1618 917 1669 ascribis
933 1623 1031 1668 mutatu
1047 1619 1125 1668 aciem
1141 1620 1234 1668 mentis
1251 1624 1276 1670 ct
1292 1637 1336 1670 au·

208 1688 335 1753 cogitandi
360 1688 413 1737 sint
434 1690 631 1752 auctorpostea
647 1686 749 1736 demum
797 1685 894 1734 daciam
917 1685 1013 1734 criticis
1034 1686 1172 1736 excussisse
1187 1686 1252 1735 mihi
1268 1687 1337 1736 vide·

209 1756 324 1806 dicturus
352 1754 386 1803 ait
414 1753 534 1819 exemplis
559 1757 640 1802 utens<
676 1752 749 1814 Quae
798 1756 849 1801 tur.
872 1751 951 1816 Leges
968 1752 1047 1815 igitur
1062 1752 1136 1801 verbu
1152 1752 1189 1801 sic
1205 1752 1336 1802 collocata:

208 1836 285 1888 porro
310 1824 452 1886 stmcturae
467 1819 533 1885 ratio
549 1819 619 1877 οὐδεὶς
635 1847 667 1858 —-
683 1824 748 1871 reici·
800 1819 925 1882 μαστιγίας
941 1817 970 1869 αὖ
987 1820 1009 1868 εἴ
1023 1837 1057 1876 τις
1072 1821 1100 1876 ἦν
1116 1823 1154 1869 καὶ
1169 1822 1233 1876 ον’λὰς
1246 1821 1306 1886 εἶχεν
1317 1826 1339 1870 ts

210 1898 245 1952 ζεε
268 1915 318 1950 -,
346 1885 395 1938 ἀλλ’
421 1889 532 1938 ἐλεοῦσιν.)
559 1887 688 1935 Praeterea
709 1886 752 1952 ip-
800 1897 834 1950 τῷ
851 1894 942 1948 οολματε
958 1889 972 1942 ἡ
989 1889 1032 1937 ὑπὸ
1047 1889 1164 1949 μαστίγων
1179 1891 1193 1943 ἣ
1209 1887 1247 1935 ὑπ’
1265 1889 1339 1936 ἄλλων

209 1970 266 2004 sum
282 1959 402 2016 νουθετεῖν,
419 1953 504 2018 ipsum
521 1954 620 2015 κολάζειν
636 1955 686 2010 τώς
703 1957 752 2005 αἴσ·
800 1957 938 2018 τραυμάτων
962 1959 1017 2013 ζῶν,
1039 1956 1076 2001 καὶ
1093 1956 1210 2008 τεθνεῶτος
1227 1957 1253 2002 τὸ
1271 1963 1338 2016 σῶμα

210 2022 278 2091 χρώς
299 2035 345 2085 per
366 2034 392 2068 se
413 2019 518 2067 omnino
545 2019 751 2073 stolidissimum.
801 2021 861 2067 ε’στεν
882 2019 936 2068 ἴδείν
956 2015 1022 2067 ταῦτ’
1045 2022 1101 2082 ἕχον.
1133 2017 1226 2082 Recepi
1249 2018 1286 2069 'cn'
1309 2035 1337 2066 ex

210 2085 422 2152 quemadmodum
438 2088 526 2134 auctor
542 2083 702 2150 deindeipse
712 2085 750 2134 di·
800 2083 893 2132 codice.
923 2083 992 2132 Num
1011 2083 1128 2141 dubites,
1143 2098 1175 2132 an
1192 2083 1228 2131 sic
1245 2084 1339 2149 scriptu

137 2210 140 2217 Ι
210 2152 253 2202 cit.
276 2152 361 2216 Atque
374 2150 441 2200 nihil
452 2149 590 2214 quidquam
599 2151 690 2201 attinet
698 2168 750 2200 mo·
799 2148 959 2214 praeferendo
972 2147 1024 2198 sint
1032 2148 1078 2207 iis,
1091 2165 1155 2213 quae
1163 2149 1258 2199 scnbae
1266 2151 1339 2199 nobis

210 2234 268 2268 nere
283 2217 345 2267 tales
361 2216 393 2266 ab
404 2216 680 2269 hominibusiiuietcr.
700 2217 751 2267 His
798 2215 966 2264 tradiderunt.
996 2214 1023 2264 si
1039 2215 1123 2264 adhuc
1140 2214 1254 2275 dubitas,
1271 2221 1340 2265 verte

211 2283 288 2334 simili
304 2283 497 2360 interpolatione
510 2282 568 2331 vide
583 2285 751 2349 interruptam
798 2281 883 2338 locum
900 2280 950 2330 sic:
968 2285 1014 2329 cat
1029 2281 1053 2329 ai
1066 2281 1124 2344 quia
1134 2282 1235 2331 νεοοεοο
1247 2287 1305 2331 erat
1316 2286 1341 2331 et

211 2349 349 2400 orationem
370 2365 397 2397 m
420 2348 497 2414 Apol.
520 2347 588 2397 Socr.
606 2351 638 2397 34
655 2347 690 2408 O,
707 2350 751 2398 nbi
799 2347 908 2409 uerticis
930 2346 1038 2396 habetat
1053 2347 1192 2412 plcycrum
1209 2348 1341 2397 cicatrices

212 2417 286 2466 verba
301 2419 336 2468 ἴνα
352 2419 388 2466 ἴτε
404 2418 506 2480 μάλιστα
522 2417 621 2474 ἴλεηθεῖη
637 2429 752 2465 nonense
801 2413 828 2462 ic
853 2428 971 2477 corpora,
995 2413 1047 2462 sica
1064 2413 1182 2479 stupellis
1199 2415 1271 2464 caedi
1288 2415 1340 2464 sive

211 2483 325 2532 Platonis
341 2483 391 2531 alia
407 2482 536 2530 occasione
552 2480 658 2529 ostendi.
802 2478 855 2528 clio
880 2479 952 2528 modo
979 2479 1049 2528 ciuus
1079 2480 1211 2529 ονῖνεεοονί
1237 2480 1341 2540 colitur,

245 2545 753 2614 -ονεαλλῖπαχῦς(οἰονιι1ςολ,παημλςκοεῖ
802 2545 879 2608 lajas
895 2545 973 2593 ctiam
989 2545 1084 2594 morici
1101 2561 1190 2610 corpas
1207 2563 1237 2595 ea
1250 2548 1343 2596 habeas

170 2682 172 2687 7
212 2617 371 2693 ἀποθοενοντος]
386 2614 479 2691 'Oculis
492 2612 534 2660 vix
543 2613 752 2690 crederepossum
804 2611 933 2687 videmus..
956 2610 1015 2660 Jam
1043 2612 1168 2689 neminem
1183 2611 1250 2689 ⁸fore
1275 2618 1342 2690 certo

212 2678 753 2822 tttffmeiiitilttitttiffiff
801 2692 876 2792 tte
889 2675 1342 2806 ittttiilttittttiit

213 2818 243 2863 ut
259 2813 313 2878 ipse
326 2811 425 2860 iucihus
435 2810 541 2876 judices.
559 2809 637 2870 Quod
649 2811 694 2859 liat
704 2811 752 2860 hoc
802 2808 879 2857 simul
896 2823 953 2857 cum
968 2807 1101 2857 cicatrices
1109 2809 1138 2858 in
1148 2826 1200 2858 una
1209 2811 1344 2874 eademque

128 2913 133 2921 .
213 2879 301 2928 modo:
319 2882 356 2930 καὶ
367 2882 390 2930 εἴ
399 2876 479 2940 (τινος)
488 2877 553 2941 παχὺ
564 2878 600 2938 (ἦν
609 2882 637 2927 ελ
645 2889 754 2942 σομα-
802 2873 913 2924 dictione
938 2873 1054 2940 deinceps
1080 2877 1261 2925 concurrentia.
1296 2877 1344 2925 Est

214 2953 306 3008 ζῶντος,
329 2947 409 2996 τούτου
431 2944 538 2993 κάπειδὰν
559 2949 660 3011 ἀποθάνῃ
682 2946 695 2994 t
716 2964 754 2994 νε-
801 2941 851 2990 hoc
867 2955 969 3006 peccare
985 2939 1011 2989 in
1021 2940 1129 3006 primam
1140 2940 1240 3004 linguae
1251 2942 1344 3005 legem,
1428 2997 1431 3000 ‚

214 3014 276 3080 κρλς)
293 3013 382 3076 παχὺς,
401 3013 438 3060 καῖ
454 3011 528 3060 τᾶλλα
539 3010 615 3066 οὕτως.
634 3010 675 3058 Ab
683 3013 753 3057 omni
802 3006 824 3055 si
841 3021 891 3071 qua
907 3005 1013 3072 speciale
1028 3022 1120 3055 nornen
1130 3007 1166 3056 rai
1177 3008 1253 3056 habet
1264 3024 1344 3057 unum

214 3079 280 3127 enim
301 3077 464 3139 grammatias
482 3077 579 3123 ratione
598 3075 709 3124 slhorret
725 3091 754 3124 ea
820 3088 849 3121 ro
866 3072 965 3121 duobus
976 3072 1122 3139 pluribusve
1133 3075 1278 3123 nominibus
1305 3075 1344 3123 ui-

214 3142 325 3208 accipera
340 3144 370 3190 ut
386 3141 485 3190 brevius
502 3141 596 3206 scriptu
611 3157 658 3206 pro
679 3144 716 3192 καλ
733 3146 756 3192 εἴ
802 3089 850 3187 ius
875 3137 960 3188 eudem
983 3154 1023 3188 res
1046 3138 1217 3202 significatur,
1238 3145 1264 3190 et
1280 3090 1345 3190 ilud

215 3230 250 3268 τες
266 3208 342 3274 παχύς
357 3210 384 3266 ἦν
400 3216 442 3271 ζῶν
471 3207 551 3259 τοῦτον
566 3209 641 3274 παχὺς
658 3209 754 3278 ὁνεκρλς
803 3220 883 3254 unum
906 3209 932 3253 at
954 3205 1015 3254 haec
1032 3205 1106 3270 plura
1122 3205 1198 3256 simul
1214 3207 1243 3255 in
1259 3207 1345 3256 eadem

216 3281 253 3328 καὶ
268 3279 424 3331 ἀποθανόντος.
446 3245 547 3322 l'erum
563 3274 654 3323 harum
670 3289 754 3323 rerum
803 3270 914 3320 dictione
923 3287 1053 3336 usurpare.
1070 3271 1200 3322 Praeterea
1209 3273 1259 3322 hoc
1269 3272 1345 3322 affero

214 3344 310 3408 peritos
326 3356 394 3389 nnnc
410 3339 497 3404 potius
511 3355 563 3388 non
574 3340 691 3405 pluribus
701 3355 754 3389 mo·
803 3341 986 3400 argumentum.
1018 3337 1050 3386 In
1074 3343 1124 3405 ἴχνη
1149 3367 1180 3376 —-
1197 3352 1241 3392 τῶν
1258 3343 1347 3404 πληγῶν

215 3423 258 3457 ror
280 3412 308 3456 et
327 3405 475 3471 progredior
497 3405 530 3455 ad
551 3405 666 3470 proxima
682 3409 719 3458 καλ
737 3409 757 3456 εἴ
806 3402 928 3454 articulus
949 3403 993 3454 ille
1016 3412 1062 3455 τῶν
1083 3406 1169 3471 prodit
1192 3407 1292 3470 linguae
1307 3408 1346 3455 in·

208 3475 245 3526 'ai
263 3474 383 3531 λπετλδενε
399 3481 485 3537 κομᾶν,
507 3479 608 3535 κομήτης
624 3474 704 3524 τοὺτου
718 3477 757 3523 καὶ
806 3469 896 3518 scium.
913 3469 1027 3520 Tandem
1044 3471 1111 3534 legas
1128 3487 1193 3536 quae
1209 3473 1237 3520 in
1253 3471 1277 3520 u
1290 3492 1346 3523 κατ-

216 3543 228 3590 t
250 3548 332 3607 νεκρός.
365 3540 466 3589 Scribas
482 3542 586 3604 propter
603 3541 675 3603 prius
691 3538 758 3587 illud
807 3536 863 3586 εἶδεν
878 3536 1123 3603 δεαμεμαοτεχωμένην
1139 3538 1233 3604 (ψυχὴν)
1256 3543 1292 3589 κοιλ
1312 3542 1346 3588 οὐ·
1404 3538 1406 3542 '

215 3609 291 3672 παχὺς
313 3607 341 3654 in
363 3619 471 3654 errorem
493 3603 593 3653 inducti
609 3608 635 3653 et
650 3604 758 3653 fortasse
807 3605 848 3652 λῶν
868 3610 955 3667 μεστὴν
970 3602 1007 3654 ὑπ’
1023 3609 1139 3672 ἐπιορκίας
1151 3611 1191 3657 καῖ
1207 3606 1311 3666 atinias,
1330 3607 1347 3652 ci

216 3692 251 3730 τις
274 3671 306 3720 ad
329 3670 357 3719 id
379 3669 561 3732 intelligentes,
580 3674 625 3718 aut
642 3672 668 3734 ὁ,
687 3670 756 3734 quod
807 3670 893 3725 iroictn
909 3672 995 3736 πρᾶξις
1012 3674 1079 3721 αὐτοῦ
1096 3675 1245 3739 ε’ξονμόμξοιτο
1263 3676 1294 3727 εἴς
1310 3677 1355 3728 τὴν.

216 3753 299 3787 revers
314 3752 381 3786 unus
399 3735 501 3801 scripsit
517 3739 575 3784 ante
585 3737 660 3802 παχὺς
671 3736 755 3801 prius,
807 3741 886 3800 ψυχὴν.
902 3739 927 3782 et
940 3737 1055 3785 attendas
1067 3737 1132 3786 illud
1143 3741 1174 3800 ci,
1187 3736 1256 3802 quod
1269 3735 1347 3800 respi-

215 3803 318 3853 eandem
337 3801 550 3851 constructionem
572 3801 600 3850 in
619 3803 660 3850 his
677 3802 756 3850 conti-
806 3801 842 3849 cit
858 3799 890 3848 ad
907 3802 985 3866 οὐλῶν,
1004 3817 1035 3851 ne
1051 3801 1116 3852 forte
1131 3803 1195 3852 mihi
1206 3801 1348 3868 objiciusin

178 3905 179 3908 η
215 3870 288 3919 nusri
305 3868 403 3934 opinati
419 3867 560 3922 omiserunt
574 3887 621 3932 τις,
634 3867 758 3932 quodfla-
808 3865 829 3915 (λ
851 3870 927 3917 ταῦτα
948 3881 999 3915 non
1021 3867 1107 3917 referri
1129 3884 1203 3934 posse
1225 3868 1258 3916 ad
1275 3869 1347 3924 οὐλάς.
1400 3868 1403 3873 ’

216 3935 311 3999 gitstur
326 3939 384 3983 anta
400 3934 437 3986 αὖ.
454 3934 519 3983 Nam
538 3933 758 3992 luceclariusest‚
807 3930 886 3991 Quod
917 3947 1022 3993 moneo,
1048 3951 1201 3999 quamquam
1229 3940 1347 3994 neutrum
1371 3943 1373 3950 ’

215 4002 290 4051 verba
310 4005 347 4052 καλ
368 4000 434 4051 τᾶλλ’
449 4001 517 4058 οὕτως
533 3999 648 4049 claudere
663 4015 759 4065 praece
807 3997 904 4063 plurale
925 3999 1049 4062 prominis
1071 4001 1107 4049 itu
1128 4005 1278 4066 usurpatum
1295 4015 1348 4048 sax·

215 4068 315 4116 dentem
331 4067 472 4131 periodum.
545 4071 547 4075 ’
807 4064 887 4112 centis
902 4062 965 4113 locis
978 4066 1093 4115 recurrit.
1112 4067 1261 4132 Abjicienda
1270 4065 1348 4128 igitur

249 4133 315 4182 Ibid.
332 4135 369 4183 rui
387 4135 437 4197 ἴχνη
454 4132 502 4197 εἶχε
519 4143 561 4182 τῶν
574 4135 662 4196 πληγῶν
675 4133 752 4194 οὐλὰς]
807 4133 832 4180 ei
854 4134 905 4196 ἴχνη
924 4135 949 4179 et
966 4141 1008 4182 τῶν
1024 4135 1124 4198 πληγῶν,
1143 4142 1168 4183 et
1184 4137 1348 4197 transponen-

217 4198 287 4248 Haeo
302 4198 391 4246 misere
407 4201 475 4245 tortu
491 4201 550 4246 satis
565 4202 693 4246 torserunt
709 4198 757 4246 cri·
807 4196 868 4244 dum
880 4199 945 4253 οὐλὰς
954 4203 1012 4246 ante
1024 4200 1091 4264 εἶχεν.
1108 4200 1199 4264 Itaque
1210 4198 1347 4253 contendo,
1412 4250 1416 4257 ⁸

215 4265 288 4315 ticos.
298 4265 361 4313 Pars
369 4263 444 4328 οὐλὰς,
453 4262 496 4312 alii
505 4268 555 4330 ἴχνη
563 4273 607 4315 τῶν
616 4267 703 4327 πληγῶν
710 4279 756 4328 pro
807 4262 829 4310 si
851 4276 901 4310 non
919 4267 1018 4311 mutato
1034 4267 1167 4314 verborum
1183 4265 1271 4314 ordine
1288 4263 1348 4312 scri·
1431 4287 1433 4291 ·

216 4331 363 4396 glossemate
390 4329 490 4378 hubent.
528 4331 645 4378 Videntes
670 4345 756 4378 verum
806 4328 852 4377 bae
879 4329 1037 4394 scripsissent
1067 4336 1105 4383 καὶ
1136 4334 1200 4388 οὐλάς
1228 4336 1277 4397 ἴχνη
1305 4338 1349 4380 τῶν

216 4397 336 4461 vertigine
344 4399 428 4443 tamen
436 4395 545 4458 quodam
554 4395 757 4460 abaoubripiun-
807 4397 896 4458 πληγῶν
923 4395 983 4460 εἶχεν
1007 4402 1029 4448 ἐν
1055 4410 1088 4463 τῷ
1118 4409 1208 4462 σώματι
1237 4399 1348 4462 primum

216 4470 267 4513 tur.
298 4462 374 4510 Unus
397 4475 483 4510 corum
504 4460 596 4510 diserte
612 4461 676 4509 dicit
692 4467 758 4510 stare
806 4475 930 4524 quemque
955 4463 1114 4522 criticorum,
1139 4467 1194 4513 loco
1216 4463 1350 4526 diligenter

216 4544 290 4596 posse
305 4531 369 4585 οὐλὰς
385 4541 435 4574 una
452 4542 510 4575 cum
526 4531 577 4593 ἴχνη
593 4538 636 4578 τῶν
652 4530 755 4592 πληγῶν,
805 4525 885 4584 lecto,
910 4527 1066 4592 abjecturum
1083 4529 1162 4580 inisse
1177 4530 1222 4579 illa
1239 4534 1289 4596 ἴχνη
1307 4538 1348 4579 τῶν

216 4611 262 4646 uec
277 4610 329 4644 non
345 4593 438 4644 diserte
453 4607 527 4659 posse
543 4593 628 4643 omitti
647 4596 699 4658 ἴχνη
714 4605 758 4645 τῶν
805 4595 902 4658 πληγῶν.
