3038 5122
249 322 339 367 mu
599 295 1041 366 Paonneouuna.

250 506 368 592 generis
399 505 591 579 affectantes,
623 504 716 569 simul
747 526 888 588 magnam
920 504 979 567 vim
1002 525 1037 568 ac
1060 509 1242 588 potestatem
1266 501 1300 566 in
1323 525 1390 568 rem

251 611 405 698 publicam
426 618 456 674 et
477 611 601 675 omnino
626 611 766 696 peritiam
790 631 913 686 eorum,
939 630 1017 692 quae
1040 631 1056 672 e
1080 631 1112 672 re
1135 608 1294 673 universae
1317 608 1392 673 civi·

250 717 324 782 tatis
348 730 466 796 essent,
490 716 716 802 philosophiam
738 716 901 801 qnamdam
926 736 1081 780 unacum
1105 714 1245 800 politices
1269 721 1302 779 et
1322 714 1392 779 rhe-

252 823 361 889 torices
384 823 512 888 scientia
534 845 605 909 prae
629 845 660 886 se
683 821 830 887 ferebant.
855 820 935 885 Vide
958 843 1005 886 ex.
1029 844 1075 906 gr.
1101 823 1165 884 508
1181 823 1210 884 A
1227 819 1282 884 uhi
1297 820 1390 903 σοφὸς

251 929 288 996 ὢν
310 929 476 1014 (callicles)
501 931 564 994 519
590 928 615 993 O
638 923 742 993 τᾶλλα
765 930 848 1008 σοφοὶ
875 928 1052 1014 (sophistae)
1081 930 1144 992 520
1170 928 1197 991 A
1220 928 1390 1010 Φοὶοκοντες

253 1036 411 1119 (rhetores)
443 1073 486 1084 -
516 1043 569 1108 τῆς
601 1035 713 1105 πόλεως
740 1036 940 1112 ἐπιμελεῖσθαι
963 1031 1040 1105 ὅπως
1062 1036 1098 1105 ὡς
1122 1033 1266 1112 βελτίστη
1291 1034 1389 1101 &crea

252 1151 283 1207 et
306 1145 371 1206 452
395 1140 532 1205 ,tt-460
558 1144 599 1220 A,
623 1144 688 1204 465
712 1140 849 1204 11-468
874 1139 916 1217 Ε,
941 1143 1003 1206 487
1030 1138 1071 1215 O,
1095 1143 1157 1204 519
1182 1139 1219 1204 n.
1262 1140 1391 1225 Protag.

253 1251 317 1314 818
341 1247 368 1312 E
393 1246 447 1312 ubi
469 1247 545 1319 ὅπως
568 1246 606 1313 ἂν
628 1245 736 1328 ἄριστοι
759 1248 811 1322 τὴν
834 1249 923 1311 αὑτοῦ
946 1247 1035 1311 οἰκίαν
1058 1247 1167 1320 luciaria
1187 1246 1324 1331 (politice
1343 1268 1392 1310 so-

252 1353 396 1440 phistica)
420 1362 450 1418 et
473 1352 549 1426 darae
572 1355 614 1418 rab
636 1362 690 1427 τῆς
713 1353 825 1427 πόλεως
848 1353 1049 1423 δυνατώτατος
1073 1351 1109 1416 tv
1124 1349 1167 1427 εἴη
1183 1351 1232 1424 cal
1249 1351 1391 1432 πράττειν

251 1459 301 1526 acl
324 1459 432 1537 λέγειν.
456 1459 495 1525 51.
530 1458 598 1525 Hoc
620 1461 716 1544 igitur
738 1456 803 1524 daca
825 1460 947 1540 ψεῦδος,
966 1458 1042 1522 hano
1060 1480 1164 1522 eorum
1181 1459 1390 1543 arrogantiam

252 1565 390 1631 Socrates
414 1567 619 1650 castigaturus
642 1574 737 1629 artem
760 1567 850 1629 istam
874 1587 945 1629 cum
968 1566 1052 1628 omni
1075 1566 1159 1629 inani
1181 1565 1235 1629 illa
1257 1572 1392 1630 ostenta·

252 1673 336 1737 tione
367 1671 472 1736 falsam
506 1695 570 1736 esse
602 1680 632 1736 et
662 1672 753 1736 nihili
781 1672 970 1735 demonstrat
997 1672 1136 1757 nullique
1160 1693 1283 1756 prorsus
1308 1671 1392 1737 bono

253 1779 340 1856 usui,
365 1778 417 1845 sed
442 1779 580 1844 miseriae
597 1787 626 1842 et
642 1779 737 1841 exitio
753 1777 883 1861 singulis
900 1775 1017 1842 civibus
1034 1795 1064 1842 et
1080 1778 1238 1842 universae
1254 1778 1391 1856 civitati,

252 1906 352 1968 neque
368 1884 465 1969 igitur
484 1885 653 1969 quidquam
671 1891 822 1968 praestare
838 1905 943 1947 eorum
957 1905 1035 1968 quae
1048 1883 1249 1968 polliceretur.
1281 1885 1392 1947 Artem

253 1992 349 2077 igitur
382 1991 486 2069 illam,
519 1991 567 2056 vel
597 1991 701 2074 potius
730 1990 803 2054 artis
826 1991 974 2073 speciem,
1000 1991 1088 2073 quasi
1111 1991 1261 2074 abrogans
1285 1989 1392 2053 eadem

254 2096 381 2163 nomina
410 2099 522 2164 retinet
544 2118 691 2180 suamque
714 2106 809 2160 artem
833 2097 973 2160 nominat
995 2118 1095 2160 veram
1119 2096 1317 2174 rhetoricam,
1343 2117 1394 2160 ve·

255 2226 319 2269 ram
344 2204 519 2288 politicam,
544 2224 622 2287 quae
646 2202 730 2265 illam
752 2203 839 2288 qnasi
855 2203 1001 2286 excipiat,
1018 2204 1134 2287 quippe
1149 2202 1273 2265 demum
1288 2223 1395 2265 revera

254 2319 411 2395 praestans
432 2309 514 2393 quod
535 2308 588 2372 illa
605 2306 808 2392 pollicebatur
827 2318 857 2372 et
871 2307 1047 2372 affectabat.=
1062 2307 1171 2392 Neque
1184 2307 1262 2371 illud
1273 2308 1394 2381 altadura

255 2417 390 2489 πολιτικὴ
412 2413 461 2478 vel
483 2414 609 2495 ῥητορικὴ
632 2413 773 2477 Platonis
797 2421 896 2477 aetate
917 2414 1085 2498 quidquam
1101 2414 1214 2477 insueti
1230 2421 1283 2477 aut
1299 2412 1395 2476 offen·

256 2522 351 2584 sionis
376 2519 486 2584 habere
506 2521 623 2603 potuit,
647 2542 742 2603 quum
758 2542 820 2585 non
837 2526 959 2585 tantum
975 2520 1159 2585 rhetoricam
1175 2542 1236 2583 non
1254 2520 1395 2604 sejunge·

256 2637 324 2691 rent
347 2648 365 2690 a
389 2625 514 2710 politica
539 2628 601 2708 (rhu
625 2628 681 2698 calc
704 2628 732 2689 ἕν
755 2634 823 2699 τοῖς
846 2626 948 2692 πόλεσι
968 2625 1087 2708 πράξεις
1107 2625 1392 2706 ξονδοοοκοβεροῶοοον

257 2740 292 2796 ut
314 2731 453 2796 Platonis
478 2731 577 2797 verbis
603 2736 694 2816 utar),
720 2733 772 2795 sed
796 2755 897 2818 neque
920 2732 1143 2817 philosophiam
1167 2731 1205 2795 ab
1225 2732 1289 2808 his,
1308 2729 1395 2817 quod

256 2859 293 2902 ex
321 2839 464 2903 omnibus
488 2838 550 2903 fere
573 2839 649 2903 locis
671 2838 763 2902 modo
787 2839 919 2903 laudatis
943 2847 974 2904 et
997 2861 1034 2903 ex
1057 2850 1237 2923 argumento
1261 2836 1395 2901 nonnul·

255 2944 357 3031 lorum
374 2945 472 3029 ipsius
488 2944 625 3009 Platonis
643 2943 792 3009 librorum
808 2945 1054 3009 manifestissime
1071 2950 1205 3029 apparet.
1231 2945 1396 3026 Attamen,

257 3048 350 3127 dicis,
381 3058 416 3114 ut
447 3051 609 3136 politicum
641 3064 711 3136 agat
734 3050 917 3115 admonetur
939 3049 1097 3126 Callicles,
1120 3049 1274 3113 rhetorem
1297 3047 1396 3110 Polus

257 3165 287 3221 et
312 3156 443 3240 Gorgias
467 3156 499 3219 in
524 3158 598 3222 527.
631 3156 673 3219 At
688 3178 794 3220 verum
810 3155 975 3234 rhetorem,
993 3154 1178 3240 respondeo,
1197 3176 1301 3219 verum
1316 3153 1397 3237 poli·

257 3261 370 3340 ticum,
403 3261 491 3346 cujus
521 3262 702 3346 primarium
733 3261 867 3327 officium
898 3271 944 3327 est
972 3262 1060 3327 αὐτὸν
1082 3264 1119 3334 ὥς
1143 3261 1299 3340 βέλτιστον
1322 3256 1396 3325 εἶναι

258 3368 336 3450 (480
361 3366 407 3445 B,
433 3369 495 3432 507
521 3367 568 3445 D,
595 3371 658 3431 508
682 3366 721 3452 Β)
745 3381 776 3432 51
798 3367 881 3449 rara
902 3366 1005 3450 τροὶξει
1024 3369 1150 3449 χρῆσθαι
1171 3368 1218 3432 ἐπὶ
1238 3366 1398 3432 τὸδίκαιον

256 3473 305 3538 olel
327 3475 433 3558 (cath
458 3495 537 3559 quae
560 3495 622 3537 non
646 3483 719 3538 sunt
742 3481 920 3559 praecepta,
942 3476 988 3538 uti
1009 3476 1073 3560 jam
1093 3473 1282 3560 supradixi,
1299 3471 1397 3536 ullius

259 3580 402 3666 politicae
434 3589 487 3644 aut
518 3579 703 3658 rhetoricae,
736 3581 859 3666 proprio
892 3589 922 3645 et
956 3581 1077 3666 vulgari
1106 3603 1198 3647 sensu
1221 3582 1265 3645 ita
1287 3579 1397 3644 dictae.

169 3722 172 3739 τ
257 3684 327 3751 Jam
360 3707 431 3750 vero
461 3685 598 3770 legentes
630 3684 684 3749 illa
712 3687 744 3749 in
778 3689 839 3753 527
866 3685 890 3750 C
917 3695 954 3768 τῇ
978 3691 1105 3768 ῥητορικῇ
1128 3686 1268 3766 χρηστέον
1291 3683 1339 3748 s’arl
1363 3683 1399 3748 τὸ
1494 3743 1501 3751 .

257 3791 363 3856 δίκαιον
393 3791 440 3855 alal
471 3801 502 3856 et
533 3793 566 3856 in
595 3791 692 3856 1)-
715 3792 783 3859 τδτε
806 3829 850 3842 -—
873 3791 1066 3868 ἑτοθησόμεθοο
1087 3800 1146 3864 τοῖς
1170 3797 1399 3863 reascendens

152 3890 160 3899 ’
257 3895 291 3960 in
314 3918 447 3961 errorem
471 3897 633 3981 rapiamur.
678 3896 716 3962 In
747 3899 795 3961 his
819 3899 916 3973 enim,
940 3899 987 3963 uti
1012 3921 1048 3962 ex
1071 3899 1197 3982 reliquis
1220 3898 1313 3982 hujus
1336 3894 1399 3960 loci

258 4001 349 4066 dictis
372 4011 499 4086 apparet
522 4003 589 4088 (cfr.
614 4006 709 4088 515),
733 4004 875 4068 confusio
901 4004 1049 4088 quaedam
1065 4003 1265 4088 intelligenda
1280 4009 1311 4065 51
1327 4022 1399 4065 con·

255 4107 376 4193 junctio
411 4107 554 4194 politicae
591 4109 636 4173 vel
666 4109 835 4175 rhetoricae
867 4110 1000 4193 vulgaris
1031 4131 1100 4173 cum
1133 4131 1203 4173 vera
1232 4108 1399 4173 aSoerate

260 4214 398 4299 exposita
418 4224 449 4278 et
464 4214 689 4292 commendata,
707 4224 853 4300 tanquam
869 4215 954 4280 illius
970 4216 1065 4291 duce,
1087 4215 1200 4279 civium
1217 4224 1247 4279 et
1263 4214 1399 4278 civitatis
1424 4236 1431 4249 ··

259 4319 438 4385 felicitatem
473 4330 508 4384 ut
540 4321 631 4401 finem
664 4323 812 4408 cujusque
836 4323 964 4387 actionis
988 4330 1176 4386 monstrante
1198 4343 1233 4387 ac
1256 4320 1400 4405 praescri·

187 4456 194 4472 .
260 4423 351 4490 bento
386 4427 449 4489 sive
479 4448 543 4490 rem
571 4426 734 4510 quamdam
758 4427 911 4512 publicam
934 4437 1041 4492 acturo
1064 4428 1127 4491 sive
1150 4428 1319 4492 orationem
1341 4447 1398 4510 pu-

260 4530 372 4597 blicam
403 4530 556 4596 habituro.
599 4530 737 4597 Socrates
768 4534 863 4618 igitur
893 4533 950 4597 hoo
980 4533 1048 4597 loco
1071 4532 1196 4599 tandem
1220 4531 1400 4596 cohortatur
