3038 5122
242 310 347 357 xxvnr
604 288 1015 356 PROLEGOMENA.

241 497 373 582 petenda
396 505 486 573 sunt,
511 495 594 561 unde
616 462 812 561 conficiamus
835 495 951 581 dialogi
968 505 1195 583 argumentum.
1234 498 1381 564 Praemit-

240 602 335 667 timns
359 610 461 667 autem
485 603 541 667 bos
564 610 627 667 tres
651 603 744 667 locos.
773 602 811 667 In
834 601 908 688 Cap.
924 602 980 670 IV.
998 606 1061 668 520
1079 603 1105 668 E
1122 604 1275 681 Socrates,
1292 605 1379 671 nulla

239 709 358 774 ratione
381 708 488 774 habita
510 708 583 774 artis
607 731 698 795 qnam
723 709 791 794 quis
815 718 969 788 exerceat,
994 711 1043 775 vel
1067 712 1200 776 muneris
1223 735 1286 798 quo
1308 712 1379 797 quis

237 813 403 900 fungatur,
434 818 463 881 ἐν
491 815 605 898 παρόδῳ
635 813 734 880 tribus
764 816 826 880 fere
849 815 948 882 verbis
973 816 1153 903 disciplinae
1176 841 1249 884 snae
1273 819 1379 907 (verae

238 920 420 1009 rhetoricae)
444 929 538 1008 capnt
560 923 774 1007 complectitur
797 923 863 988 his:
888 921 977 990 αὑτὸν
999 925 1036 996 ὡς
1058 921 1378 1002 ultramarinam

237 1029 275 1100 ele
298 1026 407 1112 ἄριστα
428 1032 481 1105 τὴν
504 1031 593 1095 αὑτοῦ
615 1029 705 1094 οἰκίαν
727 1029 837 1095 διοικεῖν
858 1029 909 1095 οιαὶ
933 1031 1026 1096 πόλιν.
1059 1028 1152 1111 Quod
1174 1032 1216 1096 rio
1233 1032 1377 1117 exprimit

237 1133 413 1221 Xenophon
443 1136 477 1201 in
509 1135 602 1200 Mem.
634 1139 666 1200 1.
696 1139 733 1215 2,
765 1137 826 1200 ot:
858 1137 956 1201 colere
980 1137 1083 1219 riperto
1106 1134 1124 1219 ᾗ
1146 1137 1246 1212 πθοιεις
1267 1162 1302 1204 τε
1324 1136 1376 1204 aa>

236 1237 305 1309 olari
336 1238 368 1308 εὖ
397 1243 510 1308 οἰκοῦσι.
553 1239 592 1306 In
625 1239 699 1327 Gap.
723 1239 799 1307 VII.
830 1242 892 1308 527
919 1240 944 1305 E
968 1241 1125 1307 auditores
1147 1242 1311 1307 cohortans
1335 1242 1374 1308 ad

237 1343 427 1413 observanda
448 1355 607 1433 praecepta
629 1368 723 1433 supra
746 1369 764 1411 a
786 1346 905 1412 sedata
921 1370 1016 1433 eaque
1032 1347 1175 1413 omnibus
1193 1348 1372 1414 hominibus

236 1453 451 1519 commendans
482 1453 530 1518 his
560 1460 658 1518 totum
690 1475 862 1519 sermonem
884 1454 1018 1519 dirimit:
1041 1451 1123 1526 οὗτος
1146 1455 1160 1519 θ
1182 1452 1297 1536 ἄριστος
1319 1461 1373 1523 τοῦ

235 1558 302 1636 βίον
331 1561 449 1638 τοθπος,
486 1562 538 1635 τὴν
568 1560 743 1635 δικαιοσύνην
779 1560 828 1624 καὶ
862 1562 915 1634 τὴν
944 1559 1041 1636 ἄλλον
1072 1562 1177 1642 riperto
1211 1564 1375 1636 ἀσκοῦντας

234 1665 284 1730 καὶ
319 1664 369 1747 ζῆν
399 1665 448 1731 καὶ
478 1664 621 1731 τεθνοθναι.
667 1663 706 1729 In
737 1663 811 1750 Gap.
843 1664 899 1730 VI.
932 1668 995 1730 521
1029 1666 1057 1729 D
1088 1665 1227 1731 Socrates
1250 1690 1282 1731 se
1305 1668 1372 1751 ipse

235 1771 311 1836 dicit
344 1772 443 1836 solum
479 1771 654 1856 aequalium
690 1793 789 1835 veram
825 1771 981 1856 politicam
1013 1779 1108 1837 artem
1140 1795 1285 1839 exercere.
1326 1773 1375 1839 Ex

234 1878 283 1943 his
313 1884 344 1943 et
373 1877 442 1943 aliis
473 1877 651 1963 hujusmodi
681 1877 766 1941 locis*
787 1876 849 1941 lere
877 1878 1020 1962 conjiciat
1043 1879 1131 1961 quis,
1156 1878 1281 1963 qualem
1303 1879 1373 1944 rhe-

233 1985 360 2049 toricam
392 1984 454 2049 sive
488 1983 645 2068 politicam
680 1980 820 2046 Socrates
854 1982 986 2067 intelligi
1025 1983 1116 2048 velit:
1152 1985 1237 2069 qnod
1271 1991 1373 2050 tamen

233 2113 270 2155 ex
293 2089 368 2176 Gap.
392 2089 446 2154 ΠΙ
469 2088 581 2153 clarius
605 2086 751 2173 prodibit.
789 2086 927 2153 Socrates
951 2088 1144 2174 disciplinam
1168 2113 1254 2155 suam
1278 2090 1375 2155 nomi·

231 2203 287 2260 nat
317 2194 442 2279 quidem
468 2215 567 2258 veram
595 2193 780 2258 rhetoricam
808 2216 909 2258 veram
936 2194 1093 2278 politicam
1121 2204 1233 2273 artem,
1267 2202 1298 2259 et
1325 2219 1372 2261 ex·

230 2302 318 2388 ponit
348 2323 383 2365 ac
411 2306 522 2365 tractat
554 2321 619 2364 eam
651 2305 687 2362 ut
718 2305 814 2363 artem
845 2299 943 2382 (513,
977 2301 1074 2386 ula),
1108 2301 1221 2387 quippe
1241 2302 1373 2367 virtutes

229 2428 285 2492 pro
317 2406 495 2482 ἐπιστήμαις
525 2429 568 2464 =
597 2404 719 2486 τέχναις
754 2405 886 2485 habens,
917 2406 969 2470 sed
1000 2417 1102 2471 tamen
1127 2429 1162 2471 ea
1184 2408 1264 2472 nihil
1288 2430 1373 2473 com-

229 2535 323 2578 mune
352 2512 443 2576 babet
474 2532 545 2575 oum
575 2510 623 2575 bis
650 2509 769 2576 artibus
796 2511 918 2596 proprie
941 2511 986 2575 ita
1009 2511 1110 2576 dictis.
1154 2510 1267 2578 Omnia
1290 2515 1371 2578 enim

230 2618 268 2683 ab
292 2639 327 2682 eo
350 2618 382 2682 in
407 2616 508 2681 medio
531 2615 654 2701 dialogo
678 2615 835 2702 disputata
857 2624 1017 2682 versantur
1040 2617 1119 2682 circa
1142 2618 1263 2683 vivendi
1288 2640 1373 2705 prae·

229 2733 327 2810 cepta.
363 2724 413 2809 Ad
437 2725 511 2788 haec
535 2723 632 2808 igitur
655 2722 727 2787 inde
750 2746 769 2788 a
791 2723 889 2809 primo
913 2722 1062 2808 colloquii
1086 2723 1225 2807 exordio,
1251 2725 1371 2789 audito·

227 2830 313 2896 ribus
343 2829 448 2894 invitis
479 2838 509 2893 et
532 2828 781 2915 imprudentibus
806 2835 837 2894 et
859 2851 949 2914 saepe
973 2851 1036 2894 non
1059 2836 1141 2894 recte
1164 2829 1371 2914 intelligenti·

229 2936 305 3014 bus,
334 2943 457 3021 torquet
481 2942 512 3000 et
535 2934 702 3000 identidem
726 2935 846 3001 reducit
868 2957 1038 3000 sermonem
1062 2933 1297 3021 quibuscunque
1322 2958 1370 3000 ar-

96 3034 99 3040 ’
225 3042 309 3108 tibus
341 3042 509 3108 dialecticis
533 3050 643 3110 utens:
667 3043 749 3127 quod
778 3041 928 3127 imprimis
950 3042 1150 3145 conspicupm
1173 3042 1206 3106 in
1230 3045 1294 3109 491
1319 3040 1367 3121 D,

228 3147 298 3226 ubi,
324 3148 482 3214 occasione
504 3149 556 3213 vix
580 3147 699 3226 oblata,
725 3148 936 3234 quaestionem
960 3149 1126 3213 instituens
1144 3148 1182 3213 de
1198 3154 1368 3234 temperan-

226 3255 270 3320 tia
299 3278 335 3320 ex
359 3254 517 3340 inopinato
542 3253 701 3319 Calliclem
724 3254 911 3340 aggreditur.
953 3253 1040 3318 Adeo
1064 3254 1199 3320 diversae
1221 3277 1269 3320 res
1293 3260 1368 3319 sunt

225 3360 434 3447 sophistarum
458 3383 505 3426 ars
529 3360 697 3437 rhetorica,
722 3383 740 3425 a
763 3383 825 3446 qua
845 3369 946 3426 tamen
964 3368 1030 3425 tota
1046 3360 1216 3445 disputatio
1231 3360 1369 3447 proficis·

224 3467 324 3545 citur,
350 3474 381 3532 et
404 3490 440 3531 ea
455 3489 517 3544 ars,
543 3486 636 3551 quam
652 3466 855 3552 philosophus
872 3467 1026 3532 auditores
1043 3466 1142 3531 docet.
1177 3465 1267 3530 Illam
1286 3488 1368 3532 exer·

225 3594 296 3639 cens
327 3572 376 3639 τὸν
405 3579 456 3639 τοῦ
488 3573 709 3651 πολιτευομένου
741 3580 792 3638 τοῦ
821 3574 933 3654 ῥήτορος
957 3573 1022 3651 βίον
1044 3572 1138 3652 vivit,
1162 3573 1242 3637 banc
1265 3571 1313 3636 τὸν
1336 3573 1366 3638 ἕν

225 3680 390 3762 φιλοσοφία
412 3678 502 3764 (Cap.
527 3676 581 3742 IV.
606 3680 623 3764 q
647 3680 690 3762 2).
720 3677 780 3742 Illa
803 3688 849 3743 est
871 3680 983 3752 πειθοῦς
1001 3677 1064 3760 περὶ
1080 3677 1220 3744 οὶποθνπιον
1235 3677 1366 3759 bactrop-

225 3783 278 3862 γθς
309 3785 406 3870 (453,
439 3785 536 3865 459),
560 3784 634 3848 haec
656 3783 841 3865 σωφροσύνας
865 3793 895 3847 et
917 3783 1095 3858 δικαιοσύνας
1118 3783 1168 3849 καὶ
1191 3791 1245 3859 τῆς
1268 3781 1366 3858 ἄλλας

223 3892 329 3971 αρετῆς
353 3891 456 3977 (504).
492 3888 602 3975 Neque
625 3889 690 3954 ulla
712 3896 799 3974 parte
821 3890 901 3955 inter
924 3913 956 3953 se
980 3889 1094 3953 similes
1116 3889 1221 3954 rhetor
1244 3889 1364 3974 sophis·

223 3996 304 4063 tious
328 4002 359 4061 et
380 3997 485 4061 rhetor
507 3994 680 4062 Socraticus
703 3996 766 4059 sive
789 4018 887 4061 verus.
926 3995 1034 4059 Bonus
1057 3996 1104 4059 vir
1126 4003 1220 4061 artem
1245 3995 1362 4060 callens

223 4114 254 4168 et
286 4125 445 4180 exercens,
478 4103 566 4187 cujus
596 4108 756 4186 praecepta
788 4101 926 4165 Socrates
962 4101 1056 4165 tradit
1079 4102 1164 4165 etin
1188 4101 1306 4185 agendo
1330 4110 1364 4166 et

220 4207 352 4274 dicendo
383 4216 445 4274 tam
476 4208 617 4293 privatim
649 4229 741 4292 quam
775 4198 896 4293 publice
927 4207 993 4293 ipse
1017 4204 1177 4284 observat,
1203 4214 1249 4272 est
1271 4229 1362 4272 verus

219 4314 333 4380 rhetor.
369 4313 480 4394 Qualis
505 4322 552 4378 est
574 4351 619 4365 -
642 4314 686 4379 aio
708 4313 769 4378 fere
794 4322 1027 4398 argumentatur
1044 4312 1183 4377 Socrates
1199 4351 1244 4364 -
1260 4312 1361 4398 qualis

220 4427 267 4485 est
290 4423 305 4483 ὃ
328 4417 434 4492 τελέας
456 4420 588 4504 ἀγαθὸς,
614 4422 627 4486 θ
649 4422 687 4492 θς
710 4421 822 4493 dandae
844 4421 930 4502 ανὴρ,
958 4428 989 4484 et
1012 4441 1101 4504 quem
1126 4441 1255 4506 scopum
1277 4440 1360 4503 spera

219 4532 290 4590 tana
314 4524 372 4590 sibi
395 4524 525 4610 aliisque
549 4526 640 4610 vivit,
665 4525 735 4591 talis
758 4547 822 4590 esse
844 4523 936 4590 debet
959 4523 1106 4601 ὁμέλλιον
1120 4526 1202 4607 ὀρθῶς
1217 4523 1359 4604 ῥητορικὸς
