3038 5122
1272 216 1304 313 Q
1402 181 1403 184 w

572 303 828 370 concise.
920 335 922 338 -
1246 306 1279 394 τΙ

132 508 367 590 ὑπολαμβάνεις,
392 504 412 571 ὦ
435 509 596 589 Σώκρατες.
622 546 660 556 -
689 518 760 573 ΣΩ.
783 506 901 584 ’Ἐτεραι
913 507 950 571 δι’
963 510 995 585 γ’
1007 507 1059 571 εἰσὶ
1072 513 1126 570 τῶν
1139 512 1265 587 τεχνῶν,

131 609 164 676 οιῖ
185 614 233 678 nt
257 613 345 691 λόχου
368 619 427 678 ποῖν
451 612 632 693 περαίνουσιῗ,
656 617 705 679 κοιλ
730 614 833 692 innon,
854 617 890 685 ὑς
916 613 982 684 ἔπος
1003 615 1110 694 εἰπεῖν,
1132 613 1267 687 ἢοὺδενδς

131 720 309 800 προσδέονται
344 720 360 795 ἢ
393 720 523 800 βραχέος
555 721 648 798 ποίνυ,
676 716 728 785 οἷον
752 723 920 801 οὶριὺμητικὺ
943 720 992 784 κοιλ
1016 723 1195 799 γεωμετρικὴ
1217 719 1266 784 κοιλ

131 827 305 900 πεττευτικά
328 849 366 903 γε
391 826 440 889 καὶ
464 824 556 889 ἄλλαι
580 827 689 890 πολλοὶ
713 829 836 915 τέχναι,
860 824 895 892 ὧν
919 828 987 892 orei
1011 825 1116 906 σχεδόν
1139 849 1167 889 τι
1191 825 1265 896 ἴσους

130 933 195 1002 τοὺς
231 934 333 1009 λόγους
368 931 466 1011 ἔχουσι
501 939 569 1002 ταῖς
602 931 755 1011 προίξεσιν,
784 935 816 997 αἱ
840 933 868 997 δὲ
892 932 1001 998 πολλαὶ
1025 928 1139 1001 πλείους
1162 930 1210 995 καί
1233 933 1267 995 ’τὺ
1340 935 1346 944 ’

86 1036 272 1116 Ἐπαροίπαν
308 1041 393 1101 πᾶσιν
428 1040 444 1111 ἡ
475 1037 577 1116 πρᾶξις
608 1040 657 1101 καί
688 1041 722 1102 ’τὸ
752 1045 832 1120 κῦρος
864 1041 969 1109 αὑταῖς
1000 1038 1047 1102 διοδ
1075 1037 1170 1113 λόγων
1193 1037 1265 1101 ἐστι’.

836 1149 843 1167 ε·

131 1149 185 1207 τῶν
208 1144 339 1208 τοιούτων
363 1143 428 1207 τινα
450 1167 498 1220 μοι
521 1144 609 1214 δοκεῖς
635 1144 732 1220 λέγειν
755 1147 806 1219 τὴν
829 1120 979 1224 ρκτορικιην.
996 1181 1040 1192 -
1055 1154 1139 1208 ΓΟΡ.
1156 1143 1267 1217 'Attii

48 1277 51 1287 ι
130 1247 237 1327 λέχεις.
260 1288 298 1296 -
325 1259 397 1314 ΣΩ.
425 1251 510 1314 Ἀλλ’
529 1249 603 1313 οὑτοι
623 1251 730 1315 τούτων
750 1251 783 1327 γ’
803 1252 937 1328 οὐδεμίαν
956 1247 1039 1326 οἶμαί
1057 1275 1090 1314 σε
1110 1249 1267 1325 βούλεσθαί

131 1357 271 1436 ῥητορικὺιν
294 1362 394 1419 καλεῖν
418 1392 458 1402 -—
484 1357 542 1434 οὑχ
561 1353 603 1419 ὑτι
627 1358 667 1436 τῷ
690 1358 797 1434 ρκ’ματι
816 1355 903 1428 οὑτως
927 1353 1023 1438 εἶπες,
1037 1353 1268 1445 ὑτιῆδρὺλόγου
1341 1401 1344 1405 «

130 1462 162 1524 τὸ
193 1466 282 1540 κῦρος
302 1459 415 1540 ἔχουσα
443 1462 569 1538 ῥητορική
592 1462 673 1538 ε’στι,
695 1463 744 1525 καί
771 1461 916 1540 ὑπολοέβοι
939 1461 975 1525 οὑν
998 1487 1060 1542 τις,
1086 1462 1110 1525 εἷ
1135 1455 1267 1536 ’βούλοιτο

131 1566 326 1646 δυσχεραίνειν
345 1567 373 1628 ἕν
384 1572 444 1636 τοῖς
455 1565 571 1642 λόγοις,
584 1567 654 1647 {Tin
666 1568 850 1645 οὶριὺμητικλρν
862 1565 921 1647 ἄρα
932 1571 1091 1648 ρἠτορικίην,
1106 1561 1126 1630 ὦ
1138 1567 1269 1645 Γοργία,

131 1836 227 1876 eurum,
247 1834 310 1882 quse
327 1817 355 1870 δι’
363 1824 445 1888 ἔργου,
459 1835 491 1866 cn
502 1833 586 1867 eorum
598 1855 603 1877 ,
613 1834 677 1882 quse
728 1822 772 1868 451
791 1819 822 1868 Β.
840 1818 926 1885 εἴποιμ’
942 1825 969 1871 σίν
986 1823 1020 1870 δτι
1037 1823 1075 1871 καί
1093 1820 1149 1878 αὕτη
1164 1823 1212 1870 έστι
1226 1828 1271 1871 τῶν

133 1889 169 1937 διὰ
186 1890 250 1950 λόγου
267 1890 294 1937 εδ
309 1896 357 1936 πᾶν
373 1889 511 1954 περαίνουσι,
543 1885 603 1935 Jem
618 1901 675 1934 vero
726 1889 783 1952 λόγῳ
799 1890 826 1937 τδ
842 1897 888 1938 πᾶν
904 1895 1047 1955 κυρουμένων.
1071 1885 1169 1934 Vitium
1187 1885 1271 1935 deberi
1343 1918 1347 1929 ι

132 1969 189 2001 αιτιοι
214 1968 259 2016 per
284 1951 348 2001 illud
374 1955 402 2008 τίς
427 1952 602 2013 intelligendae
624 1951 675 2000 sint
726 1953 828 2001 videtur
844 1954 932 2002 scribis
949 1955 1038 2005 έναυλσν
1053 1952 1203 2000 habentibus
1215 1967 1271 2002 eon·

131 2027 211 2085 τέχναι
233 2017 276 2069 οἷον
298 2025 411 2088 γραφικὴ,
441 2019 623 2086 ἀνδριαντοποιία
647 2018 675 2067 id
725 2019 890 2067 structionem
913 2025 966 2087 περὶ
990 2024 1028 2082 τί,
1053 2023 1108 2086 περὶ
1129 2023 1204 2082 λίγους
1223 2017 1268 2078 at,

131 2101 208 2147 genus
231 2084 304 2143 eiiee,
328 2091 425 2134 etcum
443 2087 552 2152 ρητορικὴ
568 2085 623 2148 ipsu
640 2084 674 2132 sit
724 2085 765 2133 his
790 2085 887 2149 paginis
914 2085 1115 2150 frequentissime
1142 2100 1269 2147 recurren-

99 2162 102 2166 ’
130 2158 216 2218 τέχνη,
235 2167 298 2215 quoe
313 2152 433 2214 leguntur
449 2166 516 2198 nunc
533 2151 674 2214 itasoripte
723 2155 781 2200 tem.
952 2149 953 2153 ’

131 2223 191 2265 sunt
216 2233 244 2265 nc
269 2218 290 2265 si
317 2217 430 2281 quaestio
454 2221 519 2265 esset
543 2221 597 2285 περί
613 2219 675 2275 τίνας
753 2217 824 2265 -lbid,
838 2213 1125 2288 Ἐτεραιδὲ-διὰλέγου
1133 2216 1268 2286 πᾶνπεραίῑ

131 2292 213 2349 τέχνας
228 2289 242 2340 ἡ
258 2286 367 2352 ῥητορικὴ
385 2283 418 2331 sit
433 2291 509 2348 τέχνη.
535 2283 674 2348 Quaequi·
723 2286 792 2346 νουσι]
815 2284 832 2332 i.
850 2300 870 2333 e.
888 2285 967 2332 Aliae
984 2288 1067 2332 cotem
1084 2287 1142 2331 ευκέ
1159 2285 1268 2343 artium,

131 2346 187 2398 dem
212 2351 315 2398 omnino
346 2349 454 2411 intelligi
487 2363 538 2398 nou
558 2353 674 2413 possunt.
724 2366 789 2412 quae
806 2366 916 2398 sermone
933 2367 1002 2399 omne
1019 2349 1074 2413 (id,
1090 2349 1160 2413 quod
1171 2349 1202 2398 iis
1213 2365 1269 2414 pcr-

131 2414 203 2474 Quid
228 2416 294 2464 enim
318 2415 362 2464 hic
386 2415 510 2477 significet
535 2423 604 2482 τέχνη
627 2419 675 2468 teri
725 2417 848 2478 egendum
873 2422 911 2466 est
939 2421 969 2465 ut
994 2415 1101 2479 ortibus)
1130 2418 1268 2479 ρσουρονιιί.

131 2485 186 2549 περί
202 2485 300 2547 τέχνην.)
334 2480 541 2544 Argumentatio,
558 2497 621 2545 quoe
638 2489 675 2531 est
725 2481 779 2542 Qui
796 2498 882 2532 sensus
899 2483 1007 2547 requirit
1024 2481 1158 2530 articulum
1174 2487 1202 2533 τί
1212 2485 1270 2532 cute

133 2547 161 2594 in
179 2548 225 2594 450
244 2548 265 2596 O
282 2574 314 2583 -
328 2548 377 2596 ’451
396 2547 434 2605 D,
446 2547 550 2596 debetur
558 2548 675 2611 ambiguo
724 2558 785 2612 πᾶν,
804 2564 856 2597 uon
872 2549 1010 2599 secundum
1028 2551 1072 2597 451
1092 2549 1128 2604 Β,
1148 2547 1168 2596 G
1186 2554 1210 2597 et
1227 2548 1267 2598 D:

67 2653 69 2655 .
133 2611 241 2674 Gorgiae
262 2628 396 2677 responso:
417 2617 537 2682 ῥητορικὴν
553 2630 605 2663 esse
621 2620 675 2683 περί
725 2615 769 2664 sed
790 2620 815 2664 et
835 2615 863 2663 in
880 2615 920 2663 his
937 2615 999 2665 locis
1015 2619 1040 2664 et
1056 2614 1084 2662 in
1101 2616 1149 2662 450
1166 2614 1190 2662 D
1208 2616 1267 2664 urti-

131 2681 209 2742 λογσυς
231 2679 387 2744 (έπιστημην).
412 2681 445 2728 ad
462 2681 571 2729 Socratis
588 2682 682 2743 quees-'
725 2681 796 2730 culus
812 2681 963 2744 requiritur,
980 2682 1040 2745 quie
1055 2681 1266 2744 renos(siceum

132 2745 239 2793 tionem:
257 2751 310 2815 περὶ
327 2749 350 2797 τί
362 2757 405 2797 τῶν
415 2748 481 2797 ὄντων
492 2750 551 2798 ieris
560 2751 676 2813 ἐπιστήμη
724 2747 842 2810 articulo)
859 2747 960 2797 demum
977 2748 1043 2796 idem
1058 2747 1190 2810 exprimit,
1201 2746 1271 2811 quod

132 2811 156 2873 (ἡ
172 2814 307 2879 ρητορυιὴγς
331 2815 387 2869 (449
411 2813 458 2875 Ε),
476 2812 545 2875 quod
563 2814 675 2862 Socrates
708 2813 801 2878 'paulo
818 2813 935 2878 superius
952 2818 1036 2872 τὸτῆς
1051 2819 1138 2876 τέχνης.
1165 2813 1271 2863 Frustra

121 2875 240 2926 'refutare
256 2878 678 2949 consturdemonstrundoierpnrtn
725 2879 805 2942 igitur
838 2880 989 2944 obstrepunt
1017 2879 1094 2943 hujus
1119 2879 1271 2929 emendatio·

131 2947 157 2992 et
165 2951 314 3008 γυμναστικὴν
322 2945 396 2993 etism
407 2961 459 2994 esse
468 2947 613 3012 περίλόγους,
624 2947 677 3010 ipse
728 2945 768 2994 nis
793 2945 907 3003 auctori,
930 2961 1082 3009 quamquem
1107 2960 1159 2994 non
1176 2950 1273 2994 eertum

131 3014 215 3071 eutem
248 3009 353 3073 Gorgias
386 3010 498 3060 defendit
523 3011 678 3076 perhibendo
730 3015 906 3072 argumentum
923 3011 1024 3060 adtulit.
1049 3010 1142 3059 Oontru
1158 3011 1272 3074 inLegg.

56 3115 58 3118 -
133 3078 254 3144 ῥητορικῆς
274 3087 352 3140 πᾶσαν
373 3083 412 3141 τὴν
430 3080 517 3154 πρᾶξιν
533 3082 570 3129 καί
586 3098 627 3136 την
643 3079 678 3128 κὺ-
730 3077 776 3126 869
803 3076 824 3125 Ο
852 3077 869 3144 ᾧ
893 3104 924 3114 -
951 3080 1048 3147 παρέξει
1072 3083 1137 3139 νόμος
1164 3105 1206 3136 -,
1224 3074 1276 3128 ἀλλ’

132 3163 200 3210 ρωσιν
216 3144 253 3192 διὰ
270 3147 336 3207 λογων
353 3144 425 3207 εἶναι,
446 3145 547 3192 illerum
563 3160 622 3192 vero
639 3160 679 3191 er·
727 3145 879 3203 ὑπομείναντα
901 3149 932 3194 τὰ
954 3150 1030 3195 πάντα
1054 3148 1152 3209 πάσχειν
1173 3146 1219 3195 κτλ.
1235 3159 1273 3193 re·

133 3209 199 3256 tium
218 3214 243 3255 et
260 3214 397 3258 ceterarum
414 3210 469 3268 fere,
480 3219 558 3261 πᾶσαν
574 3218 614 3269 τὴν
630 3214 678 3261 έπι-
728 3216 825 3275 reptem
850 3211 964 3276 oportuit
985 3210 1184 3259 emendationem
1200 3208 1218 3259 ε’
1231 3225 1271 3259 co·

134 3283 222 3338 στημην
247 3280 299 3342 περί
322 3279 467 3346 χειρουργίας
484 3278 540 3328 εἶναι
558 3279 617 3339 (450
636 3276 678 3339 (δ).
729 3276 827 3324 dieibus
850 3303 883 3312 —-
904 3278 1056 3341 ὑπομείναντα
1077 3281 1154 3328 πάντα
1176 3282 1224 3326 πάσ
1243 3297 1273 3328 ειν

135 3341 248 3389 Socrates
265 3342 343 3404 igitur
360 3343 450 3391 deinde
465 3358 551 3391 omnes
568 3347 633 3391 artes
648 3342 677 3391 in
727 3342 744 3391 i.
760 3358 782 3391 e.
804 3351 976 3405 quaeeunque,
997 3342 1065 3391 αὑίοιί
1082 3359 1137 3391 non.
1166 3342 1212 3401 „Ibi
1232 3359 1271 3391 em

133 3406 184 3454 duo
201 3421 289 3468 genera
306 3408 411 3465 dividit,
428 3413 453 3458 et
467 3409 570 3457 ulteriu
582 3407 678 3471 generis
726 3409 753 3457 in
778 3409 892 3473 proxime
913 3409 1117 3474 praecedentibus
1138 3409 1192 3457 his:
1218 3407 1273 3462 ὥστ’

132 3472 228 3520 ortibus
257 3473 394 3538 descriptis¹
420 3474 482 3523 dicit
507 3487 550 3526 τῶν
574 3478 680 3526 τοιούτων
727 3478 793 3545 εἴπερ
810 3474 855 3525 οἶόν
869 3472 891 3526 τ’
906 3476 933 3533 ἦν
947 3480 987 3527 τοῦ
1003 3476 1108 3532 πολλάκις
1127 3479 1272 3533 ἀποὺνησκιιν

131 3538 677 3609 τινάμοιδοκεῖςλέγειντηνρησσριαην(45οΕ).
726 3546 766 3592 τὸν
786 3545 852 3592 αὑτὸν
877 3543 923 3591 nrt.
942 3541 1062 3590 delendus
1084 3541 1205 3590 articulus
1222 3546 1271 3592 τοῦ,

132 3604 211 3653 Vides
234 3616 277 3655 τῶν
296 3610 413 3669 τοιούτων,
432 3622 483 3655 non
499 3612 553 3675 περί
569 3613 612 3664 τὰς
630 3627 677 3658 τοι·
727 3606 805 3666 Quod
821 3607 917 3657 ibidem
934 3624 991 3656 mox
1007 3608 1117 3656 occurrit
1126 3611 1270 3666 τελευτήσει·
1293 3635 1296 3641 ·
1341 3635 1344 3641 ·
1382 3662 1385 3670 ,

132 3672 211 3728 αὐτας,
246 3671 337 3735 Itaque
359 3674 433 3721 etium
458 3673 560 3721 ulterius
582 3673 677 3737 generis
728 3678 765 3724 θαι
788 3676 830 3724 ὑπὸ
855 3674 898 3737 (=
915 3679 1075 3725 ἀποθανεῖσθαι
1091 3674 1143 3737 ὑπὸ)
1170 3681 1269 3724 muton-
1327 3704 1330 3710 -

131 3737 227 3786 urtibus
244 3737 377 3802 descriptis
394 3739 430 3786 sic
447 3739 517 3802 loqui
535 3745 620 3804 perget
636 3755 677 3788 ne·
727 3740 789 3788 dum
805 3739 905 3788 videtur
926 3740 953 3788 in
971 3743 1111 3798 τελευτήσειν
1125 3743 1168 3791 nn
1183 3755 1270 3790 secuu-

131 3818 198 3852 cesse
215 3808 263 3851 est:
281 3810 325 3861 τάς
341 3807 447 3862 τοιαὺτας
463 3825 503 3869 μοι
512 3807 582 3862 δοκεῖς
591 3808 674 3869 λέγειν,
728 3805 788 3856 dum
805 3805 901 3854 Herod.
920 3804 934 3853 I
953 3807 984 3853 38
1002 3811 1027 3854 et
1044 3809 1083 3855 39.

132 3870 161 3920 ὦν
177 3872 201 3919 οὐ
217 3876 257 3936 ρης
273 3879 313 3930 τὴν
327 3874 448 3939 ῥητορικὴν
460 3873 515 3922 εἶναι
529 3909 535 3922 .
548 3871 619 3919 nullo
632 3875 688 3920 uu·'
757 3898 791 3907 -
808 3871 864 3923 Eu
879 3873 1269 3943 βοὺλοιτοδυσχεραίνεινέντοῑςλὺ·

131 3941 182 3984 tem
204 3943 278 3999 pecto
298 3963 332 3974 -
353 3942 406 4005 περί
429 3942 458 3994 νίς
478 3941 502 3988 οὐ
523 3943 564 4004 ρὴς
580 3965 620 3985 -.
643 3936 677 3986 In
724 3939 781 4001 γοις]
809 3937 928 3987 Laudent
951 3941 997 3987 483
1021 3949 1040 3987 A
1064 3935 1153 3988 et'489
1170 3939 1209 3997 D,
1226 3937 1270 3987 ubi

134 4005 179 4050 451
198 4001 223 4048 A
240 4000 288 4054 ἐπεὶ
304 4009 351 4071 γὰρ
367 4011 380 4059 ἡ
394 4007 503 4075 ῥητορικῇ
517 4009 626 4068 τυγχάνει
634 4007 677 4067 μὲν
725 4011 853 4073 κακουρκεῖν
868 4009 889 4055 έν
904 4011 952 4061 τοῖς
968 4007 1040 4068 λόγοις
1056 4005 1100 4054 sed
1113 4005 1161 4053 hoe
1174 4003 1269 4066 signifi-

132 4067 187 4119 οὖσα
208 4069 291 4119 τούτων
311 4089 346 4126 τις
362 4082 405 4119 των
420 4081 502 4135 τεχνῶν
517 4081 562 4120 τῶν
578 4075 605 4120 τὸ
623 4072 677 4120 πολὺ
725 4075 765 4118 eut
781 4070 851 4118 mala
859 4073 961 4133 froude
976 4073 1051 4120 νέοισι
1061 4087 1178 4121 sermone.
1195 4071 1270 4120 Prae-

132 4137 189 4199 λόγῳ
209 4144 331 4200 χρωμένων
346 4138 397 4185 xri.
414 4139 499 4184 eedem
513 4136 675 4200 paucioribus
700 4177 704 4183 .
725 4139 791 4184 teres
815 4136 947 4185 conferunt
972 4135 1031 4201 Itys.
1058 4140 1107 4185 204
1130 4137 1162 4184 E.
1194 4141 1270 4199 Κάμοί

131 4199 223 4264 repetit
240 4216 303 4263 quse
319 4203 395 4249 modo
412 4201 443 4249 de
460 4201 562 4250 ulterius
579 4202 675 4264 generis
725 4202 820 4266 (δοκεῖ),
840 4205 866 4260 ἦν
881 4200 901 4253 δ’
916 4208 960 4267 έγώ
980 4236 986 4250 .
1004 4205 1077 4255 καίτοι
1095 4203 1232 4270 δυσχεραίνω
1246 4206 1270 4253 ’τί

132 4266 229 4314 artibus
242 4266 346 4315 dixerut.
364 4266 454 4330 Itaque
464 4267 506 4316 hio
516 4268 591 4316 etiem
600 4267 676 4316 lectio
724 4265 746 4331 γ’
767 4274 789 4318 έν
816 4271 877 4334 αὐτῷ
910 4271 954 4335 (τῷ
977 4271 1070 4336 λόγῳ).
1095 4272 1163 4317 unde
1186 4269 1268 4318 notio·

131 4336 186 4400 περὶ
202 4333 288 4389 ταὺτας
305 4353 340 4389 τις
356 4339 398 4389 τὰς
413 4340 495 4399 τέχνας
512 4335 606 4397 puriter
621 4338 675 4382 tur-
725 4350 782 4383 nem
799 4335 868 4382 verbi
885 4335 1036 4403 δυσχεραίνειν
1052 4335 1194 4384 conficiant.
1218 4333 1268 4384 Ve-
1310 4385 1313 4393 ,

132 4399 202 4447 beret
220 4398 448 4463 sensumOptime
460 4399 539 4461 igitur
558 4399 677 4448 Ficiuum
725 4416 782 4449 rum
806 4399 848 4448 hic
865 4400 990 4463 significet
1006 4406 1043 4451 οὐκ
1059 4402 1204 4466 ἀποδέχομαι
1220 4417 1269 4463 noo

132 4465 235 4514 vertisse
252 4481 266 4512 e
283 4480 391 4526 quornm
403 4481 504 4513 numero
517 4466 534 4514 i.
546 4482 566 4515 e.
580 4466 608 4516 ὧν
619 4466 677 4531 (pro
727 4465 847 4524 admitto,
866 4466 985 4530 improbo.
1019 4467 1104 4526 Quem
1115 4470 1137 4515 ei
1151 4468 1203 4516 rim
1216 4483 1269 4516 esse

131 4535 187 4599 περί
201 4531 241 4594 τίς)
259 4546 346 4581 seusus
364 4531 462 4579 elamet.
495 4531 523 4580 si
538 4531 603 4581 forte
620 4532 677 4596 quis
703 4534 704 4537 ’
726 4532 821 4598 optime
846 4532 967 4581 discimus
993 4549 1007 4581 e
1030 4533 1118 4582 multis
1143 4533 1217 4589 locis,
1240 4534 1268 4585 in

133 4598 258 4649 desideret
277 4613 417 4664 pronomen
435 4603 501 4664 τινὰ,
519 4597 543 4647 is
558 4598 678 4665 inspiciet
726 4599 818 4664 quibus
843 4603 871 4650 τί
895 4596 1055 4669 δυσχεραίνων
1073 4599 1212 4667 opponitur
1235 4613 1270 4671 τερ
