3038 5122
567 254 822 366 concine.
943 312 948 322 ·
1238 297 1259 365 e

983 423 998 451 Ι
1080 435 1083 447 ι

127 500 336 581 βραχυτοίτων.
358 525 401 550 ·-
419 511 504 566 ΓΟΡ.
520 500 601 567 Ποόνυ
616 503 675 582 γὰρ
691 498 790 581 οἶμαι,
806 499 826 566 ὦ
842 503 1014 579 Σώκρατες,
1031 504 1158 572 ἐπιεικῶς
1174 498 1272 566 τοῦτο’

125 615 224 672 ποιεῖν.
249 646 293 656 -
315 618 388 673 ΣΩ.
412 602 455 672 Εὖ
476 606 584 694 λέγεις,
608 607 643 673 ίθι
665 609 698 683 δή
721 632 769 684 μοι
792 607 942 689 οότόκριναι
965 605 1104 672 οὕτωκαὶ
1126 607 1256 687 τερίτῆι

127 717 285 794 ῥητορικῆς,
315 713 377 792 περὶ
412 714 443 778 τί
463 719 519 778 τῶν
542 713 626 778 όντων
650 714 727 779 ἐστίν
750 716 914 791 ἐπιστήμης
939 751 983 762 -
1004 725 1090 778 ΓΟΡ.
1116 713 1183 791 Περὶ
1207 711 1257 776 λό-
1353 716 1356 723 “

94 826 205 896 Esses-5·
233 857 276 867 —·
298 829 380 896 ΣΩ.
395 820 492 890 Ποίους
512 819 647 895 τούτους,
671 816 692 882 ὦ
714 820 836 899 Γοργίας
861 813 905 898 ἆρ’
929 815 953 883 οἳ
975 819 1089 892 δηλοῦσι
1114 819 1179 889 τοὺς
1204 815 1256 881 κοί·

127 914 251 1002 μνοντοις
273 926 314 996 ὥς
334 923 371 988 όιν
393 924 568 1001 διαιτώμενοι
588 906 758 1004 ὑγιαίνοιενς
783 963 826 973 -
848 935 933 990 ΓΟΡ.
955 925 1012 990 Ori.
1032 959 1077 973 -
1096 933 1169 988 ΣΩ.
1183 924 1256 987 Oris

129 1030 189 1110 ι’ίρα
216 1029 278 1107 περὶ
312 1029 427 1101 πιόντας
458 1055 496 1107 γε
519 1031 583 1103 τοὺς
607 1029 711 1108 λόγους
734 1033 751 1106 ἡ
773 1032 899 1112 ῥητορική
922 1032 1006 1094 ἐστιν.
1031 1067 1074 1080 *-
1096 1039 1184 1105 ΓΟΡ.
1209 1031 1254 1093 Οὐ

128 1135 211 1209 όῆτοι.
233 1173 276 1183 -
297 1144 369 1199 ΣΩ.
383 1136 482 1202 'Antia
498 1137 555 1211 μὴν
570 1137 668 1213 λέγειν
683 1161 721 1214 γε
733 1128 963 1207 τοιεῒδυνατοός.
976 1173 1020 1184 -
1031 1146 1117 1200 ΓΟΡ.
1130 1135 1201 1199 Ναί.
1216 1171 1259 1184 -

128 1251 199 1306 ΣΩ.
232 1240 342 1304 Οὐκοῦν
374 1242 436 1321 περὶ
468 1238 557 1321 ὧνπερ
588 1243 685 1319 λέγειν
708 1243 757 1307 καί
778 1249 907 1323 Φρονείνς
929 1279 972 1291 --
994 1225 1092 1307 FOPi·
1109 1246 1173 1312 Πῶς
1198 1241 1257 1320 γὰρ

53 1344 175 1424 45οοός
202 1385 243 1394 ——
266 1341 417 1426 Ess.³Ap'
440 1342 556 1411 οὖνκαὶ
580 1346 612 1422 ἣν
636 1354 682 1412 νῦν
705 1349 738 1423 δίη
762 1350 918 1426 ἐλέγομεν,
942 1348 1104 1430 ηἱατρικη,
1121 1348 1183 1424 περὶ
1200 1352 1255 1413 τῶν

127 1451 290 1526 καμνόντων
306 1459 383 1516 ποιεῖ
395 1452 531 1524 δυνατοὺς
547 1449 619 1518 εἶναι
635 1461 748 1534 Φρονεῖν
763 1454 812 1517 καί
825 1455 940 1530 λόγους
952 1463 1037 1518 ΓΟΡ.
1051 1453 1195 1530 Ἀνόγκη.
1213 1461 1257 1503 --’

129 1567 200 1624 ΣΩ.
223 1557 279 1621 Καὶ
301 1558 441 1637 stenen
456 1555 529 1637 όιρα,
544 1560 580 1629 ὥς
593 1558 681 1642 ἔοικε,
694 1559 755 1639 sepi
768 1558 871 1633 λόγους
884 1559 958 1623 ἐστί.
972 1595 1015 1606 -
1025 1568 1110 1624 ΓΟΡ.
1124 1559 1196 1625 Ναί.
1211 1595 1255 1608 -··

128 1808 221 1870 ἄγαμαί
244 1825 296 1872 σου,
318 1807 353 1857 ότι
369 1826 409 1870 μοι
432 1807 501 1864 δοκεῖς
519 1809 617 1864 εὐνοικῶς
634 1835 667 1844 -
715 1806 802 1855 Attico
817 1811 904 1855 nostro
915 1805 1095 1871 abjudicemus.
1112 1804 1265 1870 Utrumque*

126 1876 225 1953 βοηθεῖν.
248 1871 313 1921 Xen
331 1871 437 1921 Memor.
456 1876 483 1930 ί,
501 1875 529 1930 2,
547 1875 561 1922 9
578 1881 612 1932 Νὴ
628 1879 669 1932 τὴν
714 1873 817 1921 verbum
832 1878 932 1936 οίγασθαι
945 1877 970 1921 et
983 1877 1107 1937 θαυμάζειν
1118 1872 1260 1936 habetqui·
1341 1926 1344 1933 ¹

98 1936 103 1945 ⁴
135 1949 198 2005 Ηραν
219 1967 251 1974 -
273 1942 365 2002 ἄγαμαί
386 1946 414 2002 γί
435 1959 474 1990 σου
493 1940 548 1990 διότι
566 1943 603 1990 οὐκ
619 1942 666 1989 κτί.
715 1939 771 1988 dem
797 1943 855 1987 unte
869 1938 1084 2002 'conjunctionem
1109 1942 1138 1996 ὡς
1152 1937 1202 1986 .ch
1227 1942 1262 1990 ότι

128 2003 274 2069 Eormulee,
292 2003 434 2067 cujusmodi
450 2002 609 2065 υτίιιὴτὴνἨ
627 2025 665 2071 αν,
715 2019 853 2069 pronomen
869 2011 937 2055 τοῦτο
948 2004 988 2053 vel
998 2008 1180 2070 eateu‚ex.gr.
1191 2003 1261 2051 Men.

129 2056 271 2119 constanter
294 2069 438 2119 adsciscunt
461 2091 487 2135 γι
509 2027 666 2136 pannoniam.
716 2072 746 2120 95
764 2069 793 2119 0.
809 2074 853 2123 Καί
870 2074 963 2138 Γοργίου
979 2073 1100 2135 μάλιστα,
1119 2072 1137 2120 ὦ
1154 2081 1176 2120 Σ.
1193 2068 1260 2121 ταῦτ’

85 2160 88 2166 -
128 2136 224 2200 Itaque
241 2136 348 2185 editores
367 2152 423 2200 non
446 2141 545 2186 tentum
562 2138 590 2186 in
605 2138 668 2187 locis
716 2143 823 2202 ἄγαμαι,
839 2141 873 2188 ότι
891 2141 928 2188 οὐκ
939 2143 967 2187 ἄν
977 2135 1029 2188 ποτ’
1039 2139 1106 2188 αὐτοῦ
1117 2135 1178 2188 τοῦτ’
1188 2137 1256 2186 ἀκσό-

128 2219 157 2253 ex
175 2201 239 2277 Xep.
255 2202 362 2274 Memor.
376 2203 668 2267 etexPlst.Gorgisco·
718 2224 767 2261 σοις
791 2205 971 2268 ὑπισχνουμένου.
1003 2202 1070 2252 Phd.
1093 2204 1123 2251 89
1146 2203 1168 2251 A
1189 2206 1259 2266 ἔγωγε

129 2268 227 2318 dicibus
252 2269 449 2332 obtemperantes
474 2270 518 2319 sed
542 2271 618 2320 etiem
641 2272 670 2320 in
717 2267 810 2334 μάλιστ’
833 2272 953 2335 ίθαίιμασα
974 2272 1042 2320 αὐτοῦ
1063 2273 1105 2333 μίν
1125 2274 1204 2331 τοῦτο,
1230 2271 1259 2327 όις

130 2333 239 2400 Hippin,
256 2333 430 2385 nullocodice
446 2341 669 2402 uuctore,etyret
717 2337 785 2394 ηόίως
809 2362 842 2371 -·
864 2341 900 2388 τόν
917 2339 979 2401 λόγον
994 2337 1129 2395 ἀπεδόξατο.
1162 2334 1258 2383 Verum
1338 2370 1342 2375 .

111 2407 169 2452 ’σου
185 2399 291 2449 scribere
305 2399 670 2467 debebunt.—Qnisest‚qui
717 2403 779 2450 hsec
794 2403 942 2467 pronomina
955 2401 1258 2466 ‚ubicunquesicponun-
1340 2458 1343 2462 Δ

131 2466 217 2524 ferret,
241 2466 263 2514 si
282 2482 319 2514 ex.
336 2481 373 2528 gr.
389 2468 416 2516 in
434 2465 531 2534 Hippio
547 2470 669 2534 scriptum
718 2473 772 2526 tur,
794 2483 840 2533 per
864 2485 890 2518 se
910 2468 976 2518 nihil
992 2467 1147 2530 significant,
1165 2466 1215 2515 nisi
1231 2480 1259 2515 ee

132 2536 195 2582 esset
209 2531 265 2585 ,τίοι
287 2539 319 2590 Νὴ
341 2539 380 2591 την
395 2529 468 2602 Ἦραν
483 2527 575 2600 οίγαμαί
590 2543 619 2601 γο
633 2556 671 2588 σου
718 2535 786 2600 ἰρτο,
803 2549 866 2598 quse
883 2534 972 2583 deinde
988 2550 1033 2598 per
1050 2535 1085 2585 ότι
1102 2534 1140 2582 vel
1158 2541 1187 2590 ώς
1201 2544 1258 2601 eum
1329 2582 1341 2604 x

133 2607 172 2658 την
182 2603 300 2664 βοήθειαν,
313 2601 348 2650 ότι
359 2620 399 2663 μοι
407 2600 476 2659 δοκεῖς
485 2605 580 2660 εὐνοικῶς
588 2608 670 2669 -βο-
718 2600 878 2666 sequentibus
895 2601 1082 2666 exprimuntur:
1095 2599 1162 2664 quod
1174 2612 1260 2648 omnes
1274 2605 1276 2610 ’

132 2670 199 2724 ηθιῐν.
223 2665 320 2714 Ferunt
336 2669 418 2716 temen
434 2683 519 2716 omnes
534 2669 562 2716 in
578 2668 672 2731 Gergis
720 2667 844 2717 novimus.
876 2666 927 2716 His
948 2666 1101 2729 argumentis
1123 2665 1187 2715 sdde
1202 2665 1260 2713 hoc.

134 2739 166 2791 Νὴ
187 2759 220 2767 -
241 2736 333 2796 ἄγαμαι
354 2761 387 2768 -
407 2737 613 2803 τὰςόίποκρίστις,
637 2737 672 2787 ότι
722 2733 844 2783 Graecum
866 2733 967 2782 demum
987 2737 1051 2782 esset
1068 2738 1107 2783 σοῦ
1123 2759 1154 2769 -
1172 2734 1264 2782 αίθοινό-

134 2800 248 2866 ἀποκρίνει
271 2825 305 2834 --
326 2814 406 2862 neque
429 2800 541 2849 sentiunt
560 2801 672 2851 Atticam
721 2820 785 2866 μινυς
801 2800 869 2857 ἡδέως
885 2800 1033 2856 καθεύδοντος.
1045 2825 1078 2835 -
1089 2797 1202 2847 Eundem
1212 2817 1262 2861 μα·

135 2865 271 2914 dictionem
299 2863 471 2914 hbefsctstsm
498 2881 551 2915 esse
576 2867 672 2917 addite·
722 2869 838 2936 κροίογίαν
861 2868 974 2913 Socrates
997 2864 1085 2931 objicit
1101 2865 1264 2925 Protogenes,

135 2936 219 2980 mento
243 2931 292 2979 isto
312 2936 354 2991 τὰς
373 2936 509 3000 οίπσκρίσιις.
543 2931 578 2981 Id
593 2934 673 2993 enim,
723 2948 797 2996 quum
819 2932 863 2980 hic
885 2929 1004 2992 Gorgiae,
1027 2931 1055 2978 in
1077 2930 1146 2978 Prot.
1172 2927 1264 2978 3341)

136 3013 186 3062 quo
202 2997 259 3062 quis
276 3012 302 3045 ee
318 2997 381 3047 dicit
398 3002 498 3063 ἄγασθαί
512 3019 568 3056 τινος
579 2999 674 3064 (perso-
724 2998 808 3047 dicens
837 2999 944 3061 σθντιμνό
967 3016 1007 3061 μοι
1026 3001 1068 3054 τὰς
1084 2998 1214 3064 ἀποκρίσεις
1230 2996 1268 3046 καί

137 3067 205 3123 nee),
227 3062 302 3112 simul
323 3080 369 3128 per
389 3066 574 3115 substantivum
591 3066 619 3114 in
635 3082 675 3116 sc·
723 3071 872 3133 βραχυτέρας
889 3066 955 3114 ποίει.
989 3062 1025 3111 At
1041 3063 1104 3126 quid
1114 3063 1218 3110 interest
1229 3061 1269 3112 in·.

79 3152 84 3159 ·
137 3130 247 3179 cusativo
265 3129 341 3178 simul
357 3147 401 3196 per
417 3132 691 3182 tticumverbonns?
725 3136 762 3179 ter
786 3141 910 3195 συντέμνειν
929 3134 970 3186 τὰς
990 3132 1119 3199 ἀποκρίσεις
1135 3133 1160 3177 et
1176 3134 1268 3204 βραχν·
1323 3138 1325 3143 ’

725 3205 795 3312 {egburg
808 3214 850 3313 pes
868 3199 951 3311 τογὲἰνὲ
977 3195 1122 3310 ὓΙὲοτῖίοιίοιγτ
1133 3193 1266 3309 ωουιίοροο

746 3280 759 3312 e
791 3279 892 3312 nurrn
920 3277 976 3326 rpre
1004 3277 1266 3324 ιιινοιιιιιισυντμ·

137 3212 211 3260 quam
220 3194 382 3258 significetur.
397 3196 481 3257 Quem
490 3198 582 3248 obrem
591 3214 676 3249 vocem

138 3269 180 3319 τὰς
207 3265 335 3319 ἀποτίσεις
361 3263 392 3311 sb
420 3263 520 3312 Atticae
543 3263 679 3318 locutionis

138 3328 230 3391 ignaris
242 3345 256 3375 n
288 3328 392 3392 criptum
404 3345 456 3378 esse
467 3329 641 3380 contendimus
648 3339 679 3384 ut

138 3395 263 3456 genitivus
286 3414 324 3445 σου
346 3394 447 3445 heberet
464 3410 513 3458 quo
530 3395 682 3459 referretur(

138 3460 269 3510 Platonem
287 3465 369 3510 sutem
387 3461 515 3527 scripsisse
530 3462 578 3510 sic:
597 3471 628 3523 Νὴ
639 3475 679 3525 τὴν

136 3523 220 3596 Ἦραν,
245 3530 337 3592 ἄγαμαί
355 3534 383 3590 γί
398 3547 450 3592 σου,
468 3530 503 3578 ότι
519 3533 632 3598 ἀποκρίνει
649 3536 678 3591 ὡς

140 3593 183 3644 οἷόν
198 3614 224 3644 τε
235 3596 272 3644 διὰ
282 3600 442 3663 βραχυτάτων.
463 3593 531 3643 Huic
543 3596 624 3655 simile
634 3598 678 3647 ed-

140 3661 306 3708 ditumentum
323 3663 361 3707 est
377 3660 404 3708 in
422 3660 483 3710 urit.
501 3662 532 3709 43
548 3661 621 3712 Βσοῦ
632 3670 680 3715 πά-

140 3730 176 3778 λαι
199 3730 309 3790 θαυμάζω
325 3730 479 3792 αίσθοινόμτνος
495 3731 524 3783 θος
540 3729 607 3785 ἡδέως
623 3735 679 3782 καθ.

727 3350 782 3393 νιιν,
809 3345 885 3393 enque
910 3328 999 3378 deinde
1020 3344 1065 3404 per
1086 3332 1124 3378 καί
1147 3331 1266 3390 tunquam

728 3396 835 3458 genuine
843 3394 956 3444 Plutonis
965 3395 1046 3444 verbls
1056 3395 1190 3458 subjuncta
1199 3395 1266 3441 sunt.

728 3461 831 3526 Optime
847 3461 913 3527 epud
926 3459 1082 3525 Hesychium
1094 3467 1220 3525 συντόμως.
1231 3460 1268 3509 διὰ

725 3535 841 3597 βραχέων.
875 3527 940 3576 Tim.
965 3526 1048 3576 Gloss.
1073 3532 1190 3595 ίμβραχυ.
1220 3547 1267 3578 συν·

726 3603 808 3661 τόμως.
843 3594 955 3644 Socrates
974 3598 1059 3642 narrat
1076 3594 1104 3641 in
1123 3593 1201 3642 Phdr.
1219 3592 1266 3657 26¹7

728 3662 846 3724 Gorgiam
864 3665 888 3709 et
905 3659 1000 3708 Tisiam
1016 3666 1047 3711 τὰ
1061 3663 1136 3711 ιίκότοι
1147 3658 1269 3723 praeferre

726 3735 773 3785 τοίς
804 3731 910 3791 diuisos,
939 3740 981 3774 eos
1006 3733 1036 3778 τὰ
1060 3730 1151 3791 μεγοίίοι
1175 3726 1269 3774 efficere

141 3795 216 3850 εόδιις.
250 3793 321 3851 Quid
353 3793 420 3842 enim
451 3793 499 3841 sibi
531 3793 587 3842 vult
614 3795 679 3846 illud
728 3799 814 3862 ομικρόι
830 3799 855 3842 et
866 3797 952 3841 contre
963 3791 1042 3841 videri
1054 3795 1090 3843 διὰ
1101 3796 1179 3862 ῥώμην
1187 3795 1266 3856 λόγου,

45 3902 48 3908 .
140 3858 313 3924 οιίσθανόμενοςὲ
351 3860 505 3922 Agnoscisne
538 3861 680 3911 eorumdem
730 3866 827 3908 eosdem
845 3858 968 3907 invenisse
985 3863 1104 3924 συντομίαν
1118 3862 1268 3923 τσίόγωνκαὶ

140 3941 241 3974 manum
269 3925 422 3975 haerentium
446 3926 474 3974 in
495 3925 604 3989 genitivo
625 3931 680 3978 eet?
730 3933 817 3996 όίιτειροι
833 3934 894 3990 μήκη
907 3925 1267 3992 πιρὶποίντωνιιιτοίίιιτουίοτω

141 3991 266 4054 Agnosces
283 3992 336 4047 sine¹
352 3992 441 4050 dubio,
454 3992 475 4039 si
486 3991 620 4041 contuleris
631 3994 679 4042 Ph.
729 3993 881 4059 praecepisse
896 3990 1045 4050 Prodicum,
1061 3993 1104 4042 δεῖν
1118 3993 1168 4042 οὔτι
1176 4012 1225 4057 μακ
1242 4001 1270 4042 ῶν

142 4060 172 4107 89
190 4059 221 4106 Δ.
239 4063 307 4122 ίγωγτ
323 4087 356 4094 -
373 4062 492 4124 ἐθαύμασα
509 4062 577 4111 αὐτοῦ
594 4071 641 4117 -,'
651 4063 680 4118 ὡς
730 4060 815 4123 (λόγων)
834 4061 883 4109 οὔτε
899 4064 1019 4126 βραχίων,
1032 4059 1090 4108 ἀλλὰ
1100 4063 1207 4126 μετρίων.
1250 4072 1268 4104 x

142 4125 166 4176 οὗ
192 4130 253 4188 ἡμᾶς
278 4130 359 4176 ίοίσατο
380 4129 429 4180 ατί.
462 4126 564 4175 Τίιθοιοί.
589 4127 635 4174 142
659 4129 679 4178 O
728 4126 769 4174 his
793 4124 879 4187 igitur,
904 4130 931 4175 τό
956 4133 1069 4190 συντόμως
1093 4140 1151 4172 oum
1175 4134 1209 4190 τῷ
1232 4124 1269 4173 διὰ

142 4193 261 4255 ίθαὺμασα
277 4197 405 4259 Σωκράτους
419 4197 447 4251 ὡς
459 4193 677 4257 μαντικῶς-ιίπσ,
726 4201 820 4261 μακρῶν
844 4197 868 4239 et
893 4196 919 4241 τό
944 4195 1051 4256 συντομία
1075 4194 1143 4254 λόγων
1161 4206 1218 4239 eum
1235 4199 1269 4255 τῷ

141 4256 205 4306 Xen.
229 4257 310 4307 Anub.
329 4262 351 4306 5.
371 4262 413 4316 10,
432 4266 445 4306 4
464 4263 574 4325 θαυμάζω
591 4271 681 4309 -των
726 4267 797 4321 μῆκος
813 4262 980 4322 opponuntur,
995 4258 1050 4305 luce
1062 4256 1153 4304 clarius
1165 4263 1268 4320 apparet

142 4333 288 4392 στρατηγῶν,
312 4329 347 4374 ότι
367 4329 391 4375 οὐ
406 4337 526 4440 πειρῶνται
542 4331 595 4388 ἡμῖν
611 4329 680 4375 ἐκπο-
727 4327 835 4388 συντομία
856 4338 909 4371 esse
925 4344 957 4367 =
974 4325 1110 4392 βραχύτης,
1133 4327 1157 4370 et
1174 4329 1268 4386 συντίμ·

140 4395 212 4458 ρίζειν
232 4397 356 4458 σιτηρέσιον
379 4391 410 4440 ul.
458 4408 477 4441 n
498 4393 539 4441 his
562 4391 679 4438 omnibus
726 4409 768 4442 νιιν
785 4411 816 4434 =
833 4391 971 4459 βραχύτεροι
990 4399 1066 4440 ποιεῖν.
1099 4387 1174 4436 Feret
1191 4388 1270 4450 igitur

141 4458 294 4506 constructio
307 4463 483 4524 turpigerum
494 4463 522 4515 ὡς
533 4457 571 4506 vel
583 4460 617 4508 ότι
628 4472 679 4507 non
727 4457 771 4506 ille
787 4461 824 4508 καί
836 4463 986 4526 βραχυτέρας
997 4460 1054 4506 ποίει
1065 4456 1108 4517 qui
1120 4455 1194 4504 etism
1204 4454 1281 4504 torre‘

56 4523 61 4528 '
140 4523 215 4572 hebet
231 4525 392 4590 perticipium
408 4525 585 4589 interpositum
600 4540 680 4588 neque
726 4529 810 4588 posset
831 4539 868 4572 ex.
891 4538 927 4585 gr.
950 4532 1062 4587 συντόμως
1085 4525 1122 4571 καί
1146 4523 1183 4573 διὰ
1204 4527 1265 4589 βρα-

141 4589 272 4670 desideret.
305 4591 396 4673 Itaque
408 4589 473 4640 illud
483 4594 639 4656 αίσθανόμινσς
648 4590 679 4640 eb
727 4597 792 4656 γόων.
880 4620 883 4625 ·
938 4596 941 4601 '
1266 4614 1269 4620 v
