3038 5122
495 313 899 380 PROLEGOMENA.

268 533 304 606 τῇ
326 530 414 606 ψυχῇ
638 555 640 559 ⁴
670 526 701 583 et
975 520 1015 599 τῷ
1037 518 1151 598 σώματι

547 633 621 691 sunt
643 626 721 690 dnae
745 626 849 707 τέχναι

274 739 291 812 ἡ
316 736 447 810 πολιτικὴ
676 738 706 796 et
918 766 921 821 j
982 733 999 806 ἡ
1024 777 1121 796 .....
1133 728 1148 793 P

467 841 553 924 enjus
576 840 735 923 utriusque
757 836 830 902 bina
852 836 937 917 μύρια

134 947 283 1021 δικαστικίι
323 955 352 1011 et
399 948 560 1026 νομούετικίς
590 943 650 1028 (Of.
676 947 738 1008 520
770 943 808 1028 B)
839 943 1024 1020 annuncient
1054 949 1084 1005 et
1106 943 1217 1023 ἰατρικὴ

399 1053 507 1117 horum
530 1052 630 1133 μορίοιν
653 1057 726 1115 sunt
749 1058 881 1133 quatuor
903 1047 1019 1113 εἴδωλα.

133 1161 257 1241 ῥητορικὴ
323 1166 354 1222 et
397 1160 550 1242 σοφιστικὴ
857 1157 1026 1233 nannenten
1048 1162 1079 1219 et
1100 1153 1260 1234 ὀψοποιική.

136 1378 268 1455 quatuor
290 1370 344 1435 illa
366 1370 450 1449 μύρια
472 1376 545 1433 sunt
568 1368 750 1448 παρασκευαὶ
773 1365 984 1444 γιγνώσκουσαν
1007 1363 1069 1431 ύτι
1088 1365 1262 1443 ἀγαθὸνκαὶ

135 1473 154 1541 δ’
180 1501 208 1541 τι
238 1477 343 1553 κακὸν,
371 1476 416 1541 ἀεὶ
444 1474 646 1555 θεραπεύουσαι
670 1474 738 1553 πρὸς
760 1475 793 1538 τὸ
815 1473 983 1550 βέλτιστονι
1007 1480 1138 1556 quatuor
1161 1479 1261 1535 autem

136 1582 190 1646 illa
220 1581 347 1656 εἴδωλα,
378 1603 454 1664 quae
479 1589 551 1643 sunt
573 1579 700 1643 totidem
725 1587 825 1664 partes
848 1587 901 1653 τῆς
924 1579 1016 1641 unius
1039 1585 1261 1652 κολακευτικῆς,

137 1694 210 1750 sunt
232 1688 412 1768 παρασκευαὶ
436 1688 592 1761 ἀγνοοῦσαι
616 1683 634 1750 d
652 1709 680 1750 τι
701 1685 812 1761 aynan
834 1680 851 1748 ἀ
870 1707 898 1748 τι
917 1683 1021 1764 κακόν,
1043 1683 1132 1764 nexo}
1150 1684 1245 1759 ἡδονῆς
1252 1730 1279 1772 ³.

137 1792 205 1872 πρὸς
234 1793 268 1857 τὸ
299 1789 417 1867 ἥδιστον.
449 1794 514 1854 464
545 1791 569 1853 0
602 1792 679 1874 (500
704 1790 749 1868 B,
783 1793 844 1854 513
870 1789 921 1874 1)).
966 1788 1075 1871 Itaque
1098 1792 1115 1865 ἡ
1138 1789 1263 1870 ῥητορικὴ

138 1896 170 1983 (ἡ
193 1903 248 1962 τῶν
270 1901 427 1979 σοφιστῶν)
450 1918 512 1960 non
536 1903 581 1959 est
604 1897 715 1976 τέχνη,
740 1895 792 1958 sed
816 1894 972 1970 κολακεία,
992 1891 1100 1970 ἀλονον
1115 1898 1261 1975 annona,

137 2010 166 2066 et
190 2004 255 2087 ejus
279 2003 462 2086 professones
486 2002 565 2090 (466
589 2001 627 2085 E)
651 2008 713 2067 νοῦν
735 2004 785 2067 ούκ
807 2000 906 2081 ἔχουσι
926 2024 974 2050 ’-
996 2001 1060 2064 465
1084 1999 1121 2064 Ε.

180 2108 207 2172 Β
231 2108 299 2173 Poli
322 2109 458 2193 argutiae
481 2108 653 2172 refutantur
674 2144 720 2158 -·
742 2097 870 2172 473'1).

183 2218 212 2300 ε)
242 2216 266 2279 οἱ
295 2217 421 2297 ῥήτορες,
446 2213 612 2278 seeundum
636 2212 765 2292 Polum,
789 2234 850 2277 non
872 2214 909 2285 ὡς
931 2210 1053 2284 κύλακες
1075 2216 1185 2294 φαῦλοι
1209 2211 1263 2276 sed

140 2320 278 2399 μέγιστον
300 2323 435 2386 δύνανται
458 2324 487 2385 ἐν
508 2329 575 2393 ταῖς
598 2320 731 2397 πύλεσιν,
755 2317 848 2396 ύσπερ
871 2318 1015 2399 τύραννοι,
1043 2318 1263 2383 ἀποκτιννύασιν

139 2427 332 2504 ἑκβάλλουσιν
356 2437 412 2490 ete.
436 2424 465 2491 ‘da
487 2425 522 2491 ἀν
545 2427 708 2504 βούλονται
731 2463 776 2474 -
791 2427 855 2487 466
872 2424 913 2488 Β.-
932 2423 1068 2488 Socrates
1083 2424 1261 2510 respondet:
1298 2465 1301 2472 ·

137 2533 170 2597 τὸ
192 2532 275 2609 μέγα
298 2533 433 2596 δύνασθαι
457 2538 501 2595 est
524 2532 635 2608 ἀναύδν
658 2538 688 2594 et
711 2552 799 2594 nemo
822 2530 962 2607 βούλεται
986 2530 1081 2594 faeere
1103 2531 1144 2595 τά
1163 2532 1263 2606 κακά,

139 2637 221 2722 quod
252 2659 374 2702 assensn
405 2637 480 2701 Polo
510 2637 696 2701 demonstrat
716 2637 773 2721 ¹illa
795 2638 995 2701 ἀποκτιννύναι
1019 2643 1074 2701 ete.
1098 2659 1161 2700 esse
1184 2640 1264 2702 κακά

140 2743 286 2807 adhibens
308 2742 395 2820 λύνον
419 2743 472 2826 qui
494 2743 605 2807 nititur
628 2742 807 2807 trilemmate
829 2742 904 2805 hoe:
929 2741 1007 2805 nihil
1030 2764 1094 2806 esse
1109 2748 1164 2807 τῶν
1179 2742 1264 2808 ύντοιν

42 2921 44 2925 ,
139 2848 220 2933 quod
244 2871 304 2912 non
329 2849 369 2912 sit
392 2849 409 2923 ἢ
429 2850 540 2924 aynan
560 2849 576 2923 ἢ
598 2848 684 2912 κακδν
708 2847 724 2922 ἢ
748 2846 806 2911 ούτ“
829 2847 941 2923 ἀγαθὸν
963 2845 1030 2911 ούτε
1051 2845 1144 2911 κακύυ.
1173 2847 1264 2912 Unde
1337 2927 1340 2936 ¹

139 2954 268 3019 efficitur
298 2953 331 3019 τὸ
360 2953 562 3019 ἀποκτιννύναι
595 2961 652 3018 etc.
684 2974 745 3016 non
777 2952 925 3036 pertinere
955 2950 994 3015 ad
1021 2952 1141 3035 ἀναύά,
1165 2975 1264 3036 neque

138 3060 232 3145 igtiur
251 3081 314 3123 esse
333 3059 416 3136 μέγα
436 3059 589 3134 δύνασθαι,
607 3058 689 3142 quod
711 3058 821 3135 ἀγαθὸν
839 3079 904 3122 esse
914 3056 1009 3122 Polus
1021 3065 1207 3123 concesserat
1219 3095 1264 3107 -

139 3168 203 3228 aaa
227 3164 263 3228 n.
288 3163 377 3228 conf.
401 3166 473 3228 510.
591 3151 594 3157 ’

183 3270 215 3354 6)
245 3268 339 3333 Polus
363 3277 504 3354 provocat
527 3269 565 3333 ad
589 3269 724 3334 omnium
748 3268 904 3332 hominum
929 3270 1108 3333 sententiam
1132 3277 1163 3333 et
1182 3269 1264 3356 judi-

140 3376 229 3441 cium.
263 3374 387 3456 ζηλωτὸς
421 3377 520 3460 (porro
555 3376 641 3461 dicit)
676 3377 690 3440 ὅ
719 3377 889 3447 ἀποκτιννύς
917 3372 946 3439 ὃν
969 3373 1005 3440 ἀν
1028 3376 1111 3458 δοκῇ,
1139 3375 1279 3458 ζαλωτὸς

140 3491 170 3547 et
192 3482 334 3560 εὐδαίμων
356 3482 369 3545 ὃ
392 3480 540 3561 τύραννος,
563 3480 662 3560 μένας
682 3482 842 3559 βασιλεὺς,
862 3481 1033 3561 Ἀρχέλαος.
1049 3481 1143 3553 ἀύλιος
1162 3489 1263 3546 antem
1322 3471 1324 3476 '

139 3589 152 3652 ὃ
182 3587 286 3659 ἀδίκοις
317 3587 507 3662 ἀπούνύσκιον.
535 3587 548 3649 ὅ
570 3587 707 3669 τυραννίδι
730 3585 922 3664 ἐπιβουλεύων
945 3587 1095 3676 διαφυγὼν
1116 3588 1149 3673 (ἰ.
1173 3609 1198 3651 e.
1221 3588 1264 3665 μὴ

139 3694 200 3766 δούς
223 3694 315 3777 δίκην)
331 3693 574 3772 εὐδαιμονέστερος
590 3714 680 3776 quam
696 3693 816 3773 λειφθεὶς
832 3693 865 3776 (i.
883 3715 908 3756 e.
927 3693 989 3765 δούς
1005 3692 1104 3778 δι’κνν).
1127 3691 1263 3757 Socrates
1359 3741 1361 3747 ,

140 3801 176 3864 ad
201 3799 285 3886 prius
307 3797 470 3883 respondet
492 3797 541 3862 τὸν
563 3798 665 3870 ἀδίκως
688 3798 898 3864 ἀποκτιννύντκ
920 3798 1084 3879 ἀύλιύτερνν
1099 3804 1149 3863 τοῦ
1160 3799 1263 3873 ἀδίκως

138 3906 381 3981 ἀπούνύσκοντοςι
416 3903 454 3967 ad
489 3903 631 3971 ultimum
665 3903 738 3968 δυεῖν
770 3904 875 3969 ἀύλιόιν
908 3903 1047 3985 οὐδέτερον
1081 3926 1145 3968 esse
1175 3926 1263 3989 posse

139 4011 401 4091 εύδαιμονέστερονε
433 4010 541 4096 prioris
564 4031 653 4073 eausa
676 4009 752 4073 hano
775 4010 874 4074 thesin
898 4011 1001 4094 ponit,
1026 4010 1060 4075 τὸ
1081 4010 1188 4076 ἀδικεῖν
1211 4017 1262 4076 τοῦ

139 4118 294 4182 ἀδικεῖσθαι
314 4115 411 4196 μεῖζον
434 4115 538 4181 κακύνε
563 4116 736 4200 posterioris
760 4137 849 4179 eausa
872 4115 966 4194 hane,
991 4116 1024 4181 τὸ
1046 4117 1199 4182 ἀδικοῦντα
1220 4119 1262 4193 ιο)
1315 4148 1316 4153 ¹

114 4225 115 4228 ’
139 4224 240 4288 διδόναι
270 4222 346 4294 δι’κνν
376 4220 473 4300 μεῖζον
504 4221 591 4286 κακὸν
621 4227 671 4286 τοῦ
698 4221 799 4286 διδύναι
822 4222 899 4297 δι’κνν
921 4222 998 4305 (479
1023 4220 1079 4306 Ε),
1103 4229 1262 4306 utramque

140 4329 241 4394 thesin
266 4326 516 4412 comprobaturus
537 4326 635 4404 λύγοις
662 4327 867 4413 (syllogismis)
892 4364 936 4379 --
960 4330 1022 4393 473
1048 4328 1085 4392 D.
