3038 5122
218 312 252 354 η
466 291 469 299 ·
576 246 978 355 rnonneonnui.

220 495 319 560 sicubi
350 477 547 559 audacissima
578 493 748 558 mutatione
778 515 823 559 ex.
853 516 897 578 gr.
929 515 984 578 pro
1010 493 1110 559 πολλὰ
1133 515 1195 558 non
1218 487 1339 570 ννῖλλν,

220 602 273 667 sed
298 602 342 665 illi
366 599 603 664 dissimillimum
626 598 784 686 multoque
807 599 961 664 difficilius
984 599 1111 663 intentu
1133 599 1212 664 κνκνὶ
1235 599 1342 685 reponi

202 731 207 742 ·
216 707 322 794 jubes,
344 705 566 792 probisyllabo
588 705 692 804 scaete
713 716 817 771 contra
836 704 1056 791 polysyllabnm
1072 705 1258 784 ἀνιωμένους,
1276 711 1342 769 tota

220 813 443 898 argumentatio
473 811 640 896 repositum
671 812 806 904 requirat
832 833 950 876 necesse
982 816 1028 874 est
1059 831 1157 895 neque
1179 810 1343 876 mutationi

219 910 386 1003 refragatur
408 918 529 983 dicendi
552 918 751 984 cousuetudo.
781 917 925 982 Attamen
947 938 1016 981 cum
1040 915 1157 1001 aliquid
1175 916 1341 981 secundnm

219 1019 445 1109 grammaticam
465 1033 546 1089 recte
569 1049 600 1090 se
623 1023 734 1093 babere
754 1023 868 1108 possit,
884 1022 1105 1108 argumentatio
1122 1029 1223 1087 autem
1240 1043 1340 1087 neces-

220 1131 297 1194 sario
320 1130 403 1194 aliud
428 1130 502 1217 quid
525 1131 677 1215 requirat,
705 1130 763 1193 hoe
786 1128 1031 1194 emendationum
1054 1148 1151 1213 genus
1174 1128 1271 1213 magis
1294 1151 1343 1192 res

220 1243 354 1321 spectare
378 1236 439 1300 diei
461 1243 578 1322 potest,
601 1244 630 1300 et
654 1236 864 1321 grammaticae
880 1234 962 1298 haud
978 1235 1021 1298 ita
1036 1256 1148 1318 gnarus
1165 1233 1243 1298 hanc
1260 1234 1343 1298 criti·

223 1364 288 1406 eam
313 1364 448 1406 exercere
471 1353 581 1427 posset.
625 1340 702 1405 Vide
725 1341 861 1426 exempla
883 1340 916 1405 in
938 1343 1002 1404 495
1026 1339 1053 1404 B
1076 1346 1107 1404 et
1129 1341 1193 1404 498
1218 1338 1263 1418 El,
1287 1340 1344 1404 im·

82 1475 110 1541 Ι·
222 1447 325 1532 primis
349 1456 451 1512 autem
475 1451 539 1512 498
563 1447 599 1514 B.
625 1446 737 1513 Eadem
760 1447 821 1512 lere
844 1447 960 1511 ratione
984 1445 1021 1510 de
1043 1446 1162 1510 lacunis
1178 1452 1208 1510 et
1229 1445 1344 1510 addita-

221 1553 329 1616 mentis
359 1552 567 1637 judicandum.
607 1544 670 1618 Ubi
699 1553 779 1617 enim
803 1574 849 1617 ex.
873 1574 918 1637 gr.
941 1574 1033 1617 unam
1058 1551 1196 1616 voculam
1222 1550 1250 1616 ὃν
1274 1559 1343 1636 post

220 1659 324 1734 κνκὸν,
347 1657 423 1740 μόνῳ
445 1665 513 1743 post
539 1659 640 1739 μόνος,
662 1658 710 1723 vel
732 1659 808 1723 duas
825 1656 854 1723 'ct
876 1655 966 1723 ἄθλιον
988 1663 1059 1743 post
1081 1657 1169 1722 eausa
1193 1656 1340 1722 excidisse

219 1763 407 1849 judicamus,
433 1763 496 1828 sola
518 1765 580 1830 lere
603 1765 796 1851 grammatica
818 1763 895 1828 duce
923 1763 1056 1840 utimur,
1080 1761 1135 1827 nbi
1158 1786 1226 1828 vero
1244 1770 1344 1828 totum

221 1869 338 1953 periodi
369 1868 536 1935 membrum
569 1866 685 1935 auctori
715 1869 868 1935 reddimus
899 1875 931 1934 et
960 1868 1008 1934 vel
1039 1875 1135 1933 totam
1166 1869 1342 1954 periodum,
1455 1929 1457 1933 .

222 1967 299 2059 quae
330 1975 412 2038 salva
435 1960 630 2060 grammatica
649 1974 754 2040 abesse
778 1981 898 2060 posset,
923 1974 987 2039 sola
1011 1975 1270 2060 argumentatione
1295 1976 1343 2039 vel

224 2079 381 2144 dialectica
404 2080 481 2144 duee
504 2080 631 2145 utimur.
668 2081 770 2165 Atque
792 2080 824 2144 in
844 2078 957 2144 talibus
985 2102 1032 2144 res
1056 2079 1152 2164 magis
1175 2102 1266 2165 quam
1289 2081 1344 2145 lin·

222 2207 284 2271 gue
307 2194 468 2270 spectatur.
503 2184 583 2250 Vide
605 2187 669 2250 479
694 2185 723 2248 D
747 2192 778 2250 at
798 2187 861 2250 498
878 2183 913 2250 0.
952 2183 1044 2266 Quod
1068 2185 1177 2251 deinde
1200 2185 1238 2251 ad
1263 2185 1346 2250 addi·

223 2298 357 2354 tamenta
380 2291 506 2369 attinet,
530 2290 646 2356 minora
668 2313 738 2356 eum
760 2291 814 2368 iis,
839 2290 950 2375 quibus
974 2291 1125 2376 adscripta
1144 2299 1234 2371 sunt,
1252 2293 1343 2377 vulgo

223 2396 398 2480 languidam
429 2397 628 2483 tautologiam
660 2397 812 2475 efficiunt,
844 2398 957 2483 majora
988 2399 1115 2482 peccatis
1145 2399 1177 2462 in
1204 2398 1343 2483 linguam

224 2484 376 2588 simulque
406 2501 473 2567 aliis
504 2503 628 2589 ineptiis
651 2502 792 2580 sordent,
816 2524 893 2587 quae
915 2494 1197 2588 grammatico'non
1220 2503 1343 2569 ferenda

119 2647 121 2651 -
224 2614 306 2671 sunt.
349 2606 387 2671 In
418 2607 525 2672 mediis
556 2615 656 2674 autem
679 2601 861 2696 syllogismis
883 2615 968 2673 tanta
990 2617 1019 2673 et
1043 2609 1114 2674 talia
1140 2603 1346 2674 additamenta

224 2709 415 2776 librariorum
445 2734 515 2779 cum
544 2712 621 2792 sint,
655 2712 785 2799 quibus,
824 2715 976 2801 quamvis·
995 2737 1058 2779 non
1091 2715 1153 2780 sint
1187 2716 1345 2780 offensioni

224 2818 444 2905 grammaticis,
479 2820 750 2904 argumentationis
784 2827 885 2885 tamen
915 2824 1004 2885 tenor
1032 2820 1188 2905 frangatur
1220 2821 1344 2906 ejusque
1406 2883 1408 2887 ,

132 2950 136 2961 ·
224 2925 341 3004 ἀνάγκη
366 2946 487 3009 prorsus
511 2925 688 3004 infirmetur,
713 2948 748 2991 ea
770 2925 922 3012 expellens
944 2947 1046 2991 rerum
1066 2926 1201 2992 criticam
1216 2933 1343 2992 exercet.

172 3024 175 3036 ’
225 3029 304 3095 Vide
328 3031 390 3096 497
416 3030 554 3095 1)-498
578 3031 614 3096 ll.
1065 3097 1071 3105 .

269 3139 298 3200 A
327 3136 558 3221 diligentissima
579 3136 673 3220 igitur
694 3137 936 3223 syllogismorum
961 3137 1167 3225 exploratione
1190 3138 1344 3223 profectus

226 3241 302 3307 hanc
325 3243 346 3307 i.
370 3265 396 3306 e.
420 3264 521 3307 rerum
544 3264 666 3328 quoque
689 3244 823 3309 criticam
847 3266 983 3309 exercere
1005 3245 1115 3332 incepi.
1155 3247 1257 3329 Atque
1281 3268 1344 3309 eam

225 3370 365 3412 exercens
388 3370 450 3412 non
473 3369 540 3413 raro
563 3349 807 3432 grammaticam,
831 3350 1007 3436 praesertim
1026 3350 1191 3435 particulas
1211 3351 1347 3416 emenda·

225 3452 360 3519 tionibus
383 3453 667 3538 suffragaripostea
689 3455 906 3541 comperiebam
929 3455 967 3519 iis
978 3504 987 3534 ,
1012 3478 1088 3541 quas
1109 3456 1173 3521 sola
1189 3456 1346 3521 dialectica

225 3558 356 3624 ducein
381 3559 693 3644 argumentationibus
716 3561 853 3628 feceram.
895 3561 1005 3646 Itaque
1032 3562 1274 3647 syllogismorum
1298 3583 1345 3625 ex·

225 3664 354 3750 ploratio
377 3672 407 3728 et
430 3665 601 3731 emendatio
625 3666 662 3730 ad
686 3668 909 3751 grammaticam
929 3668 1108 3752 reducebat,
1125 3667 1244 3732 ethaeo
1260 3667 1345 3730 vicis·

206 3770 281 3866 ,sim
316 3771 439 3836 illorum
474 3771 712 3857 explorationem
746 3774 863 3859 egregie
895 3774 1067 3861 adjurabat.
1113 3773 1205 3854 Quod
1233 3773 1344 3838 clarius
1453 3842 1457 3853 ,

225 3875 377 3961 intelliges
400 3878 426 3941 si
449 3877 486 3942 de
509 3879 674 3963 particulis·
688 3879 852 3945 dixerimus
875 3881 993 3965 etipsa
1019 3880 1154 3964 exempla
1169 3880 1343 3965 inspexeris.

270 3982 441 4050 Particulae
472 3983 644 4050 dialecticae
676 3986 709 4050 in
739 3986 915 4073 hujusmodi
936 3978 1194 4072 complexionibus
1222 3985 1345 4054 obviae:

225 4088 309 4155 arta
330 4114 391 4166 τοι,
413 4089 485 4155 ἀλλ’
508 4089 581 4157 οὔτοι
603 4115 659 4170 νε,
682 4092 732 4159 uel
755 4097 813 4170 aba
835 4130 879 4142 -
900 4115 959 4169 νε,
984 4091 1033 4157 uel
1055 4092 1113 4169 μὴν
1135 4091 1202 4170 acl,
1226 4091 1275 4157 uel
1294 4093 1348 4171 μὲν

225 4194 258 4268 δὴ
280 4196 347 4269 καὶ,
371 4192 420 4259 ael
444 4234 487 4244 —
509 4197 562 4274 μέν
584 4222 623 4275 με
644 4198 695 4285 δὴ,
717 4199 767 4265 καὶ
790 4199 843 4279 μὲν
866 4198 899 4274 db
923 4236 967 4248 -
989 4222 1043 4276 ys,
1066 4197 1096 4263 δέ
1118 4224 1173 4281 γε,
1196 4199 1226 4263 δὲ
1248 4199 1347 4276 auid

207 4320 322 4393 'genus
353 4299 546 4381 innumerae,
576 4325 682 4369 omnes
713 4327 799 4369 suam
829 4326 968 4390 quaeque
994 4304 1060 4385 1νίιιι
1068 4353 1077 4382 ,
1100 4327 1187 4368 suam
1211 4294 1348 4390 quaeque

225 4403 327 4467 locum
360 4405 391 4470 in
422 4406 513 4471 variis
535 4407 795 4494 complexionibus
819 4409 949 4488 habent,
973 4410 1056 4496 quod
1081 4410 1129 4474 vix
1151 4409 1346 4474 monendum.
1405 4469 1408 4473 ,

226 4509 268 4573 At
291 4530 368 4597 quae
391 4513 538 4601 cujusque
562 4513 628 4579 ris?
651 4515 705 4599 qui
726 4514 813 4582 locus
833 4517 864 4582 iu
881 4538 1001 4601 quaque
1017 4515 1247 4602 complexione?
1270 4515 1347 4580 Con·
