3038 5122
458 294 930 413 ¹raonneounun.
1254 353 1272 394 v

149 539 241 604 tendo
272 540 380 624 igitur,
407 561 476 603 cum
499 546 559 604 hm
584 547 681 604 certae
708 547 738 603 et
760 544 932 602 constantes
956 533 1017 602 siut
1039 536 1272 621 argumentatio·

148 668 221 710 num
252 645 415 722 formulae,
447 645 662 730 particularum
677 633 678 637 ¹
694 646 754 709 vim
785 666 887 708 aarum
918 645 1041 721 saltem,
1066 643 1197 728 quaein
1224 644 1272 707 his

148 751 268 816 Platoni
293 760 494 841 usurpantur,
518 752 628 816 certius
652 751 748 816 exiis
771 751 913 835 cognosci
937 772 1025 834 posse
1045 756 1076 814 et
1096 750 1160 828 sine
1176 748 1273 814 dubio

148 857 266 922 facilius
290 848 412 942 quoque
435 879 525 942 quam
550 880 587 922 ex
610 858 716 940 quavis
733 857 792 921 alia
809 856 921 941 dialogi
937 863 1032 940 parte.
1057 855 1149 936 Quod
1165 855 1273 941 quanti

148 965 291 1029 momenti
317 965 356 1027 sit
380 972 410 1029 et
433 986 523 1050 quam
547 965 724 1028 firmum-ae
745 969 861 1028 certum
882 954 1038 1027 criterium
1055 961 1273 1046 particularum

94 1151 97 1159 Ι
148 1069 308 1153 inquisitio
337 1069 532 1154 suppeditare
565 1070 661 1154 possit
692 1080 745 1134 aut
773 1070 872 1154 ipsum
896 1068 1052 1133 Platonem
1078 1066 1274 1132 emendaturo
1339 1098 1342 1105 ·

149 1183 203 1239 ant
226 1175 420 1260 supposititia
442 1175 621 1260 explosuro,
645 1183 699 1240 aut
722 1175 977 1239 Platonismorum
1001 1180 1172 1251 venatores,
1202 1194 1274 1258 quo·

149 1303 217 1345 rum
241 1282 378 1366 princeps
405 1279 579 1359 Lucienus,
603 1281 807 1364 castigaturo,
831 1279 987 1364 apparebit
1003 1279 1180 1364 inspicienti
1193 1278 1275 1343 dicta

81 1392 83 1397 ’
151 1386 188 1449 ad
205 1388 269 1465 452
286 1388 315 1450 A
331 1394 360 1449 et
373 1386 410 1450 ad
423 1389 487 1450 498
503 1385 540 1469 u,
558 1387 611 1452 ubi
627 1386 741 1451 correxi
757 1389 785 1451 ἐν
804 1385 916 1466 παρόδῳ
928 1386 1029 1449 locum
1041 1407 1077 1451 ex
1093 1384 1274 1462 Phaedone,

151 1513 240 1574 quem
272 1513 312 1558 ne
335 1500 509 1576 suspectum
534 1492 657 1576 quide-m
681 1490 788 1556 habere
812 1499 912 1577 potest
935 1491 1125 1576 syllogismos
1148 1512 1210 1560 non
1234 1490 1272 1555 de

151 1597 304 1661 industria
327 1605 533 1680 perscrutatus
556 1597 839 1682 particularumque-
855 1599 916 1662 rim
939 1598 972 1661 in
994 1598 1031 1661 iis
1052 1604 1274 1682 usurpatarum.

66 1713 68 1718 ’
96 1698 98 1702 ’
151 1701 265 1766 Verum
295 1703 374 1766 enim
405 1724 474 1767 vero
498 1709 543 1766 est
566 1702 616 1767 hic
638 1726 762 1788 campus
785 1703 969 1785 latissimus,
994 1710 1024 1766 et
1048 1704 1121 1766 haee
1143 1702 1273 1787 exquisi-

153 1809 270 1873 tissima
300 1808 455 1873 Atticismi
485 1808 634 1873 Platonici
658 1832 727 1895 pars
750 1795 894 1874 maximas
917 1807 1009 1874 habet
1032 1810 1197 1873 cautiones.
1237 1807 1274 1872 In

152 1914 309 1998 particulis
332 1915 412 1977 enim
431 1915 481 2010 'est
504 1915 592 1999 qnasi
615 1915 770 2000 fastigium
795 1916 914 2019 Atticael
938 1916 1104 2000 elegantiae
1120 1925 1150 1979 et
1164 1936 1273 1979 venus·

151 2019 231 2084 tatis.
272 2019 309 2083 lu
339 2019 375 2082 iis
407 2019 590 2085 admiramur
616 2020 796 2086 urbanitatis
827 2020 1028 2086 subtilitatem
1060 2043 1128 2086 cum
1157 2042 1276 2086 summa

152 2125 305 2190 varietate.
349 2123 448 2205 Quam
481 2147 550 2191 cum
581 2149 636 2191 nos
667 2127 728 2191 fere
758 2126 878 2211 assequi
909 2149 969 2190 non
994 2125 1143 2211 possimus
1155 2175 1165 2204 ,
1189 2125 1276 2191 nulla

151 2229 209 2294 alia
234 2253 281 2294 res
304 2231 335 2294 in
359 2230 486 2296 Platone
509 2239 623 2296 tantam
647 2233 840 2316 grammatico
863 2231 967 2296 afferre
990 2238 1090 2316 potest
1113 2230 1273 2295 difficulta-

153 2343 224 2400 tem.
267 2335 355 2399 'lales
391 2337 470 2400 enim
502 2358 604 2400 earum
634 2336 799 2402 nonnullae
830 2337 1069 2422 complexiones,
1098 2342 1132 2400 ut
1156 2344 1275 2427 tantum

153 2441 318 2505 sentiamus
341 2441 416 2526 quid
440 2440 499 2505 sibi
522 2442 634 2517 velint,
657 2449 748 2526 atque
770 2442 802 2507 id
826 2465 878 2528 per
901 2441 1089 2527 periphrasin
1114 2440 1289 2526 quamdam

153 2546 262 2610 referre
285 2548 454 2631 possimus,
478 2547 531 2612 sed
555 2547 678 2613 omnino
703 2548 816 2613 frustra
839 2570 982 2613 conemur
1005 2569 1054 2611 eas
1070 2546 1130 2611 alia
1145 2545 1276 2632 quadam

87 2696 89 2701 ·
151 2651 257 2736 lingua
280 2651 466 2721 adverbum
491 2653 537 2717 vel
560 2653 598 2717 ad
622 2676 756 2739 unguem
777 2655 950 2740 exprimere.
984 2653 1065 2718 Hace
1081 2653 1201 2718 Atticae
1217 2653 1276 2717 lin-

153 2780 231 2842 guae
255 2780 329 2842 pars-
347 2757 466 2823 demum
492 2780 545 2843 per
567 2781 599 2823 se
621 2759 815 2829 mollissimae
838 2783 921 2825 cerae
944 2761 1038 2824 instar
1062 2759 1099 2823 ad
1122 2758 1275 2843 loquentis

154 2863 311 2929 arbitrium
334 2855 364 2928 et
385 2887 507 2929 sensum
533 2865 824 2957 facillimefingitur.
849 2866 930 2930 Hine
945 2867 977 2930 in
994 2865 1156 2930 nonnullas
1173 2886 1275 2929 earum

109 3042 112 3046 ,
153 2969 375 3054 complexiones
398 2969 579 3047 incidimus,
604 2992 680 3057 quac
696 2978 757 3036 aut
780 2953 929 3036 rarissime
953 2980 1005 3034 aut
1021 2971 1080 3035 lere
1096 2992 1158 3034 non
1174 2987 1275 3034 recur-

152 3082 242 3150 runt,
268 3075 341 3158 quia
364 3074 469 3139 eadem
491 3076 643 3140 sententia
656 3067 703 3139 ¹ad
728 3075 807 3139 idem
831 3095 955 3160 prorsus
971 3075 1130 3140 arbitrium
1147 3074 1277 3139 dicentis

154 3203 292 3264 expressa
315 3181 528 3266 ommibueque
550 3180 688 3267 partibus
712 3181 819 3246 similis
842 3181 903 3247 fere
926 3204 987 3246 non
1010 3181 1145 3246 recurrit.
1173 3181 1276 3246 Possis

156 3286 279 3374 duplex*
300 3287 516 3370 particularum
544 3309 639 3371 genus
662 3287 866 3372 distinguere,
892 3309 1021 3372 quarum
1044 3309 1122 3371 quae
1146 3287 1183 3351 ad
1207 3288 1278 3352 altc-

153 3415 221 3456 rnm
252 3394 420 3476 pertinent,
454 3392 558 3477 quales
594 3393 717 3458 voculae
749 3383 824 3478 ael,
839 3398 893 3472 γε,
921 3418 979 3476 ror,
1004 3394 1105 3459 alteris
1128 3394 1278 3458 accedunt
1309 3446 1318 3468 ,

153 3518 302 3581 suumque
333 3499 364 3561 iu
395 3498 432 3561 iis
456 3500 579 3570 ‚varium
610 3521 664 3584 pro
698 3500 778 3567 varia
812 3500 975 3577 sententia
993 3499 1093 3564 locum
1116 3508 1276 3584 occupant.
1337 3564 1339 3576 ,

153 3603 300 3698 Exempla
331 3603 431 3667 videre
462 3605 515 3688 qui
542 3606 646 3689 cupiat
679 3605 808 3670 indicem
832 3605 935 3682 adeat,
959 3607 1075 3689 inquo
1099 3605 1277 3690 hujusmodi

154 3708 369 3794 particularum
394 3709 615 3794 complexiones
639 3711 801 3775 nonnullas
821 3711 1008 3795 recipiendas
1025 3712 1138 3775 curavi.
1161 3710 1277 3776 Verum

154 3815 295 3879 lubenter
310 3814 450 3898 equidem
471 3816 576 3893 fateor,
592 3838 641 3880 me
657 3825 776 3882 tantum
794 3817 942 3902 quaedam
957 3817 1160 3901 indagationis
1172 3818 1276 3898 initia,
1306 3828 1308 3832 ’

155 3920 424 4005 quantulacunque
456 3922 533 3998 sint,
566 3922 735 3986 instituisse
763 3931 792 3986 et
824 3923 910 4008 quasi
940 3922 1069 4007 digitum
1101 3932 1221 4008 tantum
1244 3924 1277 3990 iu

155 4027 236 4090 hunc
260 4027 378 4090 critices
401 4027 515 4091 fontem
539 4029 715 4092 intendisse.

200 4133 247 4196 Ad
271 4134 348 4197 hanc
371 4134 465 4216 igitur
488 4156 588 4198 rerum
612 4135 746 4199 criticam
771 4143 801 4199 et
817 4135 1033 4219 particularum
1050 4136 1276 4222 indagationem

155 4239 315 4323 quamdam
347 4240 424 4304 forte
455 4241 578 4304 fortuna
608 4240 745 4316 delatus,
776 4251 844 4325 post
867 4241 990 4305 tertium
1016 4241 1167 4326 specimen
1191 4266 1208 4305 a
1231 4265 1278 4308 me

154 4345 269 4409 editum
277 4395 285 4427 ,
321 4353 419 4410 totum
450 4347 573 4410 taudem
597 4347 740 4430 Gorgiam
769 4347 823 4433 hac
851 4349 968 4411 ratione
994 4356 1198 4432 perscrutatus
1226 4371 1278 4412 no·

95 4515 99 4523 ,
156 4472 221 4512 vam
253 4449 329 4513 hanc
366 4450 529 4514 editionem
564 4451 674 4535 paravi.
723 4453 824 4536 Atque
854 4452 950 4516 nihilo
980 4454 1080 4516 minus
1103 4452 1173 4517 fidei
1197 4475 1278 4518 nunc

157 4555 230 4619 meis
254 4555 384 4619 inventis
408 4555 516 4633 habeo,
540 4578 630 4641 quam
655 4579 722 4621 oum
742 4559 870 4641 primum
888 4558 978 4642 hujus
994 4559 1111 4622 critices
1127 4559 1277 4642 specimen
1331 4548 1334 4555 i
