3038 5122
669 262 926 354 eoeoils.
1186 384 1189 391 Ι
1298 295 1360 358 139

232 485 278 568 ἄρ’
298 487 373 571 εἴροῖ,
397 484 418 552 ά
440 489 634 573 Καλλίκλεις,
658 491 694 562 ὡς
721 491 848 568 άληθῶς,
875 494 898 556 εἴ
918 493 960 570 μά
977 491 1071 573 οἴοροοιι
1092 496 1120 558 ἔν
1138 495 1209 578 ’τῇδε
1225 504 1262 578 τῇ
1277 494 1359 561 πύλει

229 593 350 658 ὁντινοῦν
378 592 431 670 άν,
462 591 480 659 ἴ
505 619 533 659 τι
553 596 664 677 τύχοι,
695 599 778 661 τοῦτο
809 597 919 663 ποιύεῖν.
951 598 1017 664 τοδε
1042 599 1137 676 μέντοι
1164 598 1196 666 εύ
1218 596 1272 665 οἷδ’
1296 598 1357 681 ἴτι,
1407 660 1409 667 ,

230 696 335 779 ἐάνπερ
365 698 439 764 είπίω
470 700 509 772 εἴς
540 701 714 780 δινοοοτύριον
744 701 805 783 περί
836 703 942 769 τούτων
972 704 1046 778 τινὸς
1076 706 1236 771 κινδυνεύων
1260 703 1295 771 ὦν
1318 708 1355 771 σὺ

195 805 344 887 Βλὲρεις,
367 805 481 886 πονηράς
503 804 547 877 τίς
569 829 609 883 ροε
632 806 714 871 ἔοτωι
736 809 750 872 ὁ
772 805 905 884 εἴτάγων·
926 808 1013 881 ούδεῖς
1034 809 1094 891 γάρ
1111 808 1146 876 άν
1168 811 1294 892 χρηστὸς
1310 814 1353 887 μὴ

228 909 369 975 άδικούντ’
394 907 533 989 άνύρωπον
555 911 721 989 εἴποιγάγοι.
744 910 794 975 ιιοιῖ
816 912 893 977 οὐδέν
917 917 949 990 γ’
973 911 1096 999 οἴτοπον,
1125 917 1148 980 εἴ
1172 915 1352 994 άποίάνοιρω·

229 1014 329 1091 βούλει
358 1039 400 1080 οοι
427 1013 497 1080 εἴπω
528 1015 596 1081 διάτι
625 1023 725 1080 τοιύτοο
755 1017 912 1096 προοδοιιῶ;
943 1057 986 1069 -
1016 1028 1108 1085 ΚΑΛ.
1134 1019 1215 1086 Πάνυ
1237 1045 1285 1099 γε.
1311 1059 1355 1069 -

231 1131 303 1187 ΣΩ.
328 1116 421 1198 Οἴμοιι
444 1120 512 1198 μετ’
534 1122 638 1198 ύλίγων
661 1122 832 1202 Ἀθηνάων,
856 1118 901 1187 ἴνω
924 1124 966 1200 μὴ
989 1124 1058 1189 εἴπω
1081 1125 1180 1207 ρούνος,
1199 1127 1354 1207 ἐπιχειρεῖν

230 1237 267 1308 τῇ
289 1229 326 1298 ὡς
347 1227 457 1302 άληθῶς
480 1238 612 1310 πολιτικῇ
634 1227 725 1309 τέχνρ
746 1229 795 1292 ιωοῖ
818 1227 955 1308 πράττειν
976 1231 1018 1295 τά
1040 1232 1176 1296 πολιτικά
1199 1229 1282 1309 μύνος
1300 1234 1357 1296 τῶν

230 1339 287 1398 νῦν.
310 1329 359 1396 ἅτ’
380 1326 426 1397 ούν
447 1335 477 1397 ού
501 1332 567 1411 πρὸς
589 1331 676 1413 χάριν
697 1334 791 1423 λύγων
815 1334 880 1404 τοὺς
903 1334 1006 1412 λύρους
1028 1329 1074 1406 ούς
1093 1335 1172 1414 λε’χω
1193 1335 1334 1427 ἑκάστοτε
1345 1386 1355 1415 ,

230 1437 314 1504 άλλά
336 1437 403 1514 πρὸς
425 1437 458 1502 τὸ
480 1437 651 1513 βέλτιστον,
675 1440 706 1503 ού
729 1439 797 1522 πρὸς
819 1438 852 1503 τὸ
875 1437 1003 1515 ἣδιστον,
1023 1440 1072 1504 κοι)
1089 1443 1140 1506 οὐκ
1154 1440 1254 1505 ε’ύέλων
1266 1448 1355 1506 ποιεῖν

197 1539 251 1609 Et
273 1543 310 1608 τὺ
332 1549 494 1623 πωρωιιεῖς,
523 1543 564 1607 τά
594 1543 698 1620 κομψά
719 1548 835 1625 τούτου,
858 1546 916 1624 οὐχ
938 1542 990 1620 ἕξω
1015 1543 1033 1609 ἴ
1051 1571 1078 1610 τι
1101 1546 1180 1623 λέγω
1202 1547 1231 1610 ἐν
1253 1548 1294 1628 τῷ
1316 1545 1356 1610 δι-

229 1648 380 1728 κοοοτνρίῳ.
412 1650 426 1713 ὁ
457 1647 543 1719 ωὐτὸς
574 1647 604 1713 δέ
634 1670 681 1724 μοι
714 1646 773 1722 ἥκει
796 1647 902 1733 λόγος,
926 1647 1008 1730 ύνπερ
1030 1650 1099 1730 πρὸς
1122 1655 1221 1715 Πῶλον
1243 1651 1354 1728 ἔλεγον·

203 1759 374 1835 .ιιρινούριοιι
396 1755 455 1834 γάρ
477 1756 513 1827 ὡς
535 1756 563 1818 ἐν
587 1752 706 1824 ποοιδίοις
728 1753 823 1834 ἴοιτρὸς
846 1753 881 1818 άν
904 1756 1035 1833 κρίνοιτο,
1053 1760 1275 1834 κατηγοροῦντος
1287 1758 1355 1835 ύφο-

229 1865 316 1925 ποιοῖο.
340 1859 439 1925 σκύτει
461 1860 538 1940 γάρ,
561 1858 591 1924 τί
612 1858 648 1924 άν
670 1861 843 1936 άπολογοῖτο
867 1862 880 1925 d
903 1866 1025 1931 ’τοιοῦτος
1041 1858 1182 1940 άνύρωπος
1201 1861 1230 1925 ἐν
1246 1860 1354 1932 τούτοις

227 1966 362 2048 ληφθείς,
392 1966 415 2030 εἴ
446 1967 535 2030 ωύτοϊι
567 1953 737 2046 κοιτνχοροίν
767 1990 810 2037 τις
837 1964 951 2042 λε’γων,
974 1963 1019 2031 ύτι
1036 1967 1088 2032 Ὦ
1110 1966 1231 2041 ποοῖδες,
1255 1966 1355 2030 πολλά

229 2071 307 2148 ύριάς
328 2070 378 2136 κού
400 2069 481 2135 ιιοωιά
502 2067 544 2134 ἴδ’
566 2069 719 2150 εἴρρωοτοιι
742 2069 900 2159 &virsedi
924 2071 1027 2144 οούτούς
1051 2071 1100 2136 κοοί
1115 2071 1181 2143 τούς
1197 2070 1353 2142 νεωτάτους

171 2202 174 2209 ·
205 2176 307 2255 wisado
336 2176 504 2259 διοιφίείρει,
535 2166 645 2254 τέμνων
671 2201 705 2241 τε
732 2175 781 2241 ιιοιῖ
814 2177 900 2241 κοιίων
923 2178 972 2241 ιιοιῖ
995 2177 1148 2257 ἴτχνοιίνων
1171 2177 1220 2241 κωῖ
1245 2175 1353 2252 πνίγων

159 2281 343 2362 522άπορεῖν
366 2288 457 2365 ποιεῖ,
484 2281 646 2361 πικρύτοοτοι
668 2282 800 2359 πύροοιτοι
823 2282 910 2353 διδοὺς
929 2282 978 2347 κοιῖ
1002 2291 1100 2357 πεινῆν
1121 2282 1170 2345 κοοῖ
1194 2282 1279 2361 διψῆν
1303 2283 1353 2345 άν-

228 2387 382 2468 οογιιάζων,
402 2390 460 2468 ούχ
480 2386 574 2465 ὥσπερ
599 2389 656 2463 ἐγὼ
676 2388 776 2453 πολλά
795 2387 843 2453 κοιῖ
866 2388 935 2480 ἡδέος
952 2387 1001 2452 ιωιῖ
1027 2382 1204 2453 ποιντοδοιπά
1226 2386 1353 2466 εύάχουν

153 2489 155 2494 ’
228 2494 315 2571 ύμάς.
338 2529 383 2542 --
404 2494 445 2558 Τί
462 2491 499 2557 άν
518 2492 566 2558 οἴει
584 2495 613 2557 ἐν
630 2493 721 2573 τούτῳ
738 2495 779 2574 τῷ
796 2494 875 2574 κοικῷ
886 2493 1096 2575 άπολνρφύὲντοι
1106 2493 1154 2557 τὸν
1165 2491 1259 2572 ἴοιτρῖν
1269 2489 1353 2571 ἔχειν
1404 2574 1407 2579 .

227 2601 332 2678 εἴπεῒν;
365 2599 381 2674 ἢ
404 2599 428 2663 εἴ
451 2595 523 2662 εἴποι
544 2598 596 2671 τὴν
618 2598 771 2677 άλύίειοιν,
794 2597 836 2663 ἴτι
859 2603 970 2664 Τοιῦτοι
992 2597 1080 2664 πάντ)
1099 2599 1157 2675 ἐγὼ
1183 2598 1307 2675 ἐποίουν,
1331 2590 1366 2660 οἴ

227 2684 344 2780 πάῖδες,
356 2705 480 2781 ὑγιεινῶς
492 2741 539 2766 ,-
555 2703 646 2769 Πόσον
665 2703 712 2770 οἴει
731 2702 767 2768 άν
785 2703 949 2781 evaeorum
962 2704 1026 2776 τοὺς
1039 2704 1178 2774 τοιούτους
1191 2701 1350 2778 δικωστάςς

226 2812 257 2875 ού
279 2811 379 2888 μένω
402 2796 446 2858 ss-
467 2818 561 2875 ΚΑΑ.
586 2808 671 2880 Ἴοως
692 2808 796 2875 οἴεοίοιῖ
816 2833 854 2886 γε
877 2811 945 2889 χρή·
966 2847 1009 2857 -
1031 2818 1101 2874 ΣΩ.
1125 2810 1236 2874 Ούκοῦν
1254 2806 1301 2872 οἴει
1322 2809 1351 2871 ἕν
1387 2864 1391 2873 .

194 2917 307 2998 Βπάσρ
326 2916 432 2998 άπορίρ
454 2913 490 2981 άν
509 2914 597 2981 οιύτύν
615 2916 733 2996 ἔχεοίοιι
752 2914 812 2980 ύτι
830 2916 888 2996 χρὴ
907 2917 1011 2991 εἴπεῑν;
1031 2953 1075 2964 -
1096 2922 1189 2980 ΚΑΛ.
1206 2912 1287 2978 Πάνυ
1301 2934 1348 2989 χε.

228 3094 341 3146 Socrates
372 3091 498 3143 Onllielem
525 3091 637 3142 refutem
663 3092 767 3157 ejusque
808 3093 861 3158 jem
878 3092 990 3142 redditae
1006 3092 1111 3141 austeri.

227 3160 374 3211 sententiam
385 3159 543 3209 labefactans.
563 3159 765 3224 Itequerespon·
845 3161 891 3208 522
908 3158 1010 3216 ΑἼσως
1026 3162 1112 3210 οἴεσθαί
1127 3177 1153 3222 ρο
1199 3158 1225 3219 ή]
1257 3155 1290 3203 Ῑιι
1303 3155 1349 3205 473

227 3227 270 3279 det
295 3227 408 3277 Socrates
430 3225 484 3275 fleri
504 3241 591 3291 posse,
607 3229 638 3273 ut
653 3225 767 3290 rapiatur
810 3224 930 3275 Aeedem
943 3225 1021 3274 dictio
1033 3229 1098 3274 recte
1108 3240 1134 3273 se
1144 3224 1176 3272 ha
1208 3227 1227 3272 t.
1244 3222 1349 3270 Hiosu·

226 3294 253 3343 in
267 3293 407 3358 judicium:
425 3292 495 3356 qnod
511 3308 568 3341 vero
586 3292 607 3339 si
619 3291 678 3350 flet,
688 3291 766 3356 probe
810 3295 860 3341 tem
872 3292 936 3340 illud
947 3297 999 3350 ἴσως
1011 3291 1122 3340 Osllielis
1133 3288 1307 3354 respondentis
1317 3287 1350 3336 ed

226 3376 253 3410 se
273 3360 336 3409 seire
359 3358 421 3408 dicit
441 3362 476 3410 ύιι
492 3366 585 3427 πονηρός
602 3362 636 3415 τίς
652 3378 683 3423 με
700 3363 765 3410 ἔσται
809 3357 845 3407 sie
854 3359 976 3408 valentem
987 3363 1062 3422 atque
1073 3357 1210 3407 evidentem
1219 3369 1348 3418 argumen-

226 3430 239 3478 δ
253 3430 352 3490 ιίοάρων.
374 3425 447 3476 Idem
457 3425 579 3489 interpres
589 3429 656 3474 reete
665 3439 766 3488 quoque
809 3424 942 3483 tationem,
959 3429 989 3474 ut
1003 3440 1054 3474 non
1065 3422 1179 3472 assentiri
1190 3421 1286 3471 Socrati
1297 3436 1348 3469 non

226 3492 291 3542 vidit
315 3492 389 3542 verbs
412 3507 440 3540 es
461 3491 541 3555 petite
561 3505 614 3540 esse
630 3506 659 3541 ex
677 3490 764 3539 486Β
807 3491 902 3557 possit,
918 3491 977 3540 ferri
993 3506 1045 3539 non
1062 3505 1133 3556 posse
1147 3488 1244 3554 jiidieo.
1272 3487 1348 3536 Gelli·

226 3566 352 3626 ιιοιτηνδρον
367 3564 440 3623 τυχὼν
454 3563 511 3608 πάνυ
527 3559 608 3623 φαύλου
625 3561 662 3608 καὶ
672 3562 765 3623 μοχθο-
809 3557 871 3607 elem
883 3557 948 3615 Ἴσως
964 3584 996 3595 -
1011 3556 1201 3622 respondentem
1212 3554 1348 3619 excepisset

225 3631 267 3694 ροῡ
289 3629 406 3682 ἀποθάνοις
427 3629 463 3673 ἄν.
493 3622 578 3685 Vulgo
596 3639 627 3672 ex
642 3623 764 3688 proximis
809 3623 922 3673 Socrates
930 3620 1347 3687 increpanshunofereinmodum:

225 3692 304 3769 petits
331 3695 397 3756 sunt!
417 3689 478 3738 telis
502 3689 678 3739 additamenta.
711 3688 763 3738 Hie
807 3694 851 3741 οὐκ
867 3691 1087 3755 ἴσως,ὦδαιμόνιι,
1101 3686 1233 3744 ἄλλ’ὅντως.
1250 3686 1347 3734 Haereo

225 3758 303 3821 igitur
327 3757 397 3810 loeus
422 3760 566 3818 argumento
595 3756 644 3813 sit,
669 3760 763 3818 quanto
807 3756 885 3820 igitur
896 3756 923 3805 in
934 3756 1033 3814 e0,sed
1043 3755 1164 3804 medelam
1175 3753 1286 3802 invenire
1296 3767 1347 3800 non

226 3824 311 3873 studio
337 3823 488 3872 removerint
510 3822 640 3871 Platonem
666 3821 764 3885 sntiqui
808 3838 918 3887 possum.
944 3822 986 3870 Ad
1003 3826 1027 3872 οὐ
1042 3830 1118 3886 μέρος
1137 3819 1247 3882 intellige
1264 3823 1304 3870 οἴει
1321 3824 1348 3869 ἂν

225 3890 328 3940 lectores
351 3888 389 3939 vel
411 3889 518 3946 neribus,
538 3888 582 3952 qui
598 3888 763 3952 interpretum
807 3895 933 3955 ἀναβοῆσαι
957 3891 1007 3946 τοὺς
1032 3890 1142 3945 τοιούτους
1167 3888 1288 3942 δικαστάςι
1314 3884 1347 3933 ed

225 3956 316 4012 instar,
328 3956 412 4031 eedem
424 3954 546 4004 sententia
557 3954 601 4003 ubi
612 3958 762 4030 reeorreret,
808 3969 871 4032 quse
886 3955 991 4020 simplex
1002 3969 1149 4020 responsum
1162 3956 1283 4028 οἴισύοιίιγι
1292 3955 1353 4018 xpe!

217 4020 764 4151 :tltt0it‘tlbtttitttttttlt
808 4019 1346 4151 titt:trhttttillttlttlt

224 4158 322 4204 textum
343 4153 503 4219 irrepserunt.
534 4153 604 4203 Huic
621 4151 702 4201 simile
720 4151 763 4201 ad·
807 4160 874 4204 rtem
890 4158 938 4203 οἴει.
966 4153 1032 4202 Ante
1048 4155 1073 4203 οὐ
1088 4159 1151 4217 μόρου
1167 4154 1191 4200 et
1208 4154 1266 4214 post
1282 4152 1306 4200 τί
1320 4154 1360 4198 ἂν

225 4220 391 4269 ditomentum
416 4219 513 4269 ostendi
537 4221 572 4270 in.
588 4224 635 4268 516
658 4219 682 4267 A
700 4220 764 4278 δῆλον
807 4223 940 4282 ἀπολογοῖτο
962 4220 1000 4284 (in
1018 4219 1064 4267 421
1082 4219 1117 4282 E)
1135 4223 1160 4268 et
1176 4222 1199 4268 τί
1216 4222 1242 4267 ἂν
1258 4220 1298 4267 οἴει
1313 4242 1346 4252 -

224 4291 259 4339 ὅτι
276 4288 322 4338 xri.
340 4290 364 4334 et
380 4285 460 4334 mults
476 4285 525 4334 slis
540 4285 568 4334 in
581 4285 763 4351 superioribus,
809 4290 868 4351 ἔχειν
891 4290 960 4336 εἰπεῖν
981 4285 1020 4347 (in
1038 4286 1084 4333 422
1101 4284 1138 4350 A)
1162 4282 1264 4332 omnino
1282 4289 1346 4332 τόσον

223 4357 249 4403 et
264 4352 331 4402 infre
347 4351 476 4400 ostendam
493 4352 524 4400 ed
541 4351 562 4400 G
579 4351 704 4416 imprimis
721 4369 764 4400 eu·
807 4351 952 4415 requiritur.
970 4351 1081 4401 Tandem
1099 4351 1126 4398 in
1142 4351 1164 4399 B
1182 4354 1219 4399 ἐάν
1233 4355 1261 4399 τέ
1271 4351 1304 4404 τίς
1315 4369 1346 4410 με

223 4423 274 4469 ten
291 4418 323 4468 sd
340 4420 396 4467 525.
421 4417 536 4467 Ceterum
552 4419 628 4466 etiam
644 4418 704 4466 haee
721 4434 764 4483 pa·
807 4422 822 4478 d
838 4426 957 4486 νεωτέρους
973 4427 1003 4487 φῇ
1019 4417 1140 4466 excidisse
1150 4415 1285 4464 articulum
1295 4415 1346 4471 τοὺς

223 4485 281 4545 gine
297 4485 358 4533 satis
375 4484 478 4546 integre.
494 4485 558 4532 Nam
577 4488 595 4535 ὦ
611 4489 637 4533 et
652 4483 690 4541 Ὧς
701 4483 727 4532 in
739 4483 763 4532 A
806 4488 865 4549 post
886 4489 900 4542 ἡ
916 4485 1027 4534 monitus
1044 4498 1116 4533 nemo
1133 4498 1184 4532 non
1199 4481 1271 4530 facile
1287 4495 1345 4530 eon·

224 4552 269 4603 εἴπ’
286 4554 304 4602 ὦ
320 4554 447 4608 Καλλίκλεις
462 4554 488 4600 et
503 4549 539 4609 Ὠς
556 4548 763 4618 κολακεύουντόἴροι
806 4550 884 4601 oedet.
