3038 5122
644 296 900 365 GORGIAS.
1058 332 1062 337 ·
1271 291 1335 361 109

167 550 175 565 .
209 500 277 576 ἡδέα
288 501 441 581 πράττειν,
454 505 526 567 αλλ’
537 503 567 567 οὖ
579 500 700 580 τόγαθδι
712 510 769 569 τῶν
779 502 873 580 ἡδέων.
886 540 930 551 -
941 510 1034 567 ΚΑΛ.
1049 499 1132 567 Ποίνυ
1143 523 1190 578 γε.
1205 498 1248 549 -”
1259 508 1333 566 ΣΩ.

123 660 126 667 .
202 605 270 686 Ἆρ’
288 604 334 671 οὖν
353 608 462 681 παντὸς
483 607 578 688 οῖνδρθς
598 608 674 672 ἔστιν
690 607 881 685 ἐκλέξασθαι,
902 606 965 672 ποῖ’
985 607 1088 683 όγαθόι
1109 612 1164 671 νῦν
1176 604 1333 681 ηδέανὲστδ
1433 676 1436 681 .

207 711 256 775 καί
279 713 364 777 όποῖα
387 713 484 795 κακόν,
508 713 526 790 ἢ
549 719 683 793 τεχνικοῦ
707 714 751 778 δεῖ
770 715 810 786 είς
832 711 970 790 έκαστονς
993 750 1038 760 -
1059 721 1151 777 ΚΑΛ.
1177 715 1333 791 Τεχνικοῦ.

251 815 315 882 LV.
340 828 411 883 ΣΩ.
433 819 673 896 ’Λναμνησθῶμεν
697 820 729 894 δη
753 816 789 884 ὧν
808 815 847 883 αὖ
866 819 923 895 έγῦ
944 817 1012 898 πρδς
1033 823 1131 882 Πῶλον
1150 816 1199 881 καί
1211 815 1335 895 Γοργίαν

120 912 126 921 ’
206 921 371 1000 ἐτύγχανον
393 923 498 1000 λέγων.
522 911 624 999 ἔλεγον
646 925 723 1007 γόορ,
740 927 771 990 ἐί
791 924 994 1001 μνημονεύεις,
1015 920 1058 987 ότι
1076 918 1130 987 εἷεν
1151 921 1332 1000 παρασκευαί

171 1022 240 1095 Bul
260 1027 313 1102 μὲν
335 1028 424 1108 μέχρι
444 1030 555 1103 ἡδονῆς,
576 1029 649 1094 αὐτὸ
666 1036 750 1094 τοῦτο
772 1029 855 1105 μόνον
875 1028 1162 1109 παρασκευάζουσαι,
1177 1029 1334 1103 ἀγνοοῦσαι

207 1130 236 1195 δέ
264 1131 297 1195 τὸ
327 1132 444 1208 βέλτιον
474 1133 523 1196 καὶ
548 1132 581 1197 τό
603 1141 714 1214 χεῖρον,
741 1134 772 1197 αί
796 1135 824 1198 δὲ
847 1133 1058 1211 γιγνώσκουσαν
1081 1129 1148 1198 θτί
1168 1134 1197 1196 τ’
1220 1130 1332 1208 araca
1390 1218 1394 1223 ,

157 1250 182 1289 .’
206 1234 256 1299 καί
277 1233 296 1299 ί
313 1260 342 1300 τι
363 1236 462 1302 κακόν·
487 1237 536 1301 καὶ
559 1238 650 1313 ἐτίθην
674 1245 730 1302 τῶν
752 1241 805 1316 μὲν
825 1238 887 1318 περὶ
907 1237 962 1310 τόος
979 1238 1078 1311 ἡδονὰς
1093 1239 1143 1312 την
1160 1236 1331 1317 μαγειρικὴν

210 1340 305 1407 Γαατόι
323 1341 357 1406 τὸ
378 1340 477 1420 σῶμα]
504 1344 668 1424 ἐμπειρίαν,
692 1342 761 1408 ἀλλ’
785 1345 816 1408 οῦ
839 1342 965 1423 τέχνην,
989 1348 1044 1406 τῶν
1066 1342 1096 1406 δέ
1119 1341 1182 1422 περὶ
1203 1342 1333 1419 ruralia

205 1448 258 1521 τὴν
286 1448 412 1528 ιάτρικην
442 1449 556 1529 τέχνην.
583 1447 632 1512 καί
656 1448 723 1528 πρὸς
746 1450 864 1530 φιλίου,
889 1445 910 1513 ὦ
931 1449 1127 1520 Καλλίκλεις,
1153 1445 1223 1523 μήτ’
1246 1446 1336 1518 αὐτὸν

205 1549 261 1616 οίου
282 1552 338 1618 δεῖν
361 1552 428 1632 πρὸς
451 1555 504 1630 ἐμὲ
527 1552 656 1635 παίζειν,
679 1545 746 1629 μηδ”
768 1552 787 1619 ό
805 1577 833 1619 τι
859 1553 895 1619 διν
918 1551 1012 1634 τύχης
1035 1554 1118 1634 παροδ
1138 1553 1179 1617 τοδ
1197 1553 1334 1616 δοκοῦντα

174 1653 365 1736 (δοίποκρίνον,
404 1656 474 1736 μήτ’
508 1656 546 1723 αὖ
575 1659 615 1723 τόν
645 1662 713 1740 παρ’
743 1661 813 1736 ἐμοῦ
836 1657 922 1731 οὕτως
944 1657 1089 1738 ἀποδέχου
1112 1659 1149 1728 οῖς
1171 1655 1333 1738 παίζοντος·

204 1761 270 1845 ίρᾷς
299 1764 373 1842 γδορ,
407 1760 450 1828 ότι
480 1764 541 1843 περί
572 1762 673 1829 τούτου
698 1764 767 1829 εἰσὶν
790 1766 859 1841 ἡμῖν
881 1765 906 1829 οἱ
928 1764 1027 1845 λόγοι,
1050 1759 1083 1828 οῦ
1105 1762 1135 1827 τί
1157 1759 1193 1826 ἂν
1216 1766 1334 1840 μᾶλλον

204 1867 375 1933 στουδοίσειέ
404 1893 448 1940 τις
478 1871 527 1933 καὶ
557 1869 673 1949 σμικρόν
700 1876 762 1934 νοῦν
784 1867 861 1949 ἔχων
885 1867 1043 1950 θνθρατος,
1070 1867 1087 1944 ἢ
1110 1873 1212 1951 τοῦτο,
1237 1865 1334 1932 ίντινα

203 1973 262 2052 χρη
285 1973 386 2052 τρόπον
407 1972 474 2058 ζῆν,
505 1973 621 2055 πότερον
651 1977 699 2056 ἐφ’
731 1970 761 2038 δν
787 1975 823 2039 σὺ
846 1980 1030 2055 παρακαλεῖς
1053 1972 1122 2052 ἐμὲ,
1147 1974 1188 2037 τόν
1210 1977 1260 2037 τοῦ
1283 1971 1342 2035 ἄντ’
1429 1959 1445 1977 ”

204 2077 264 2156 δρός
293 2078 326 2152 δη
355 2083 455 2144 ταῦτα
485 2079 665 2164 πρθττοντα,
697 2077 825 2157 λέγονταί
845 2082 873 2144 ’τ’
897 2082 927 2144 ἕν
947 2083 988 2160 τῷ
1012 2079 1092 2159 δήμῳ
1117 2076 1166 2142 καί
1191 2077 1334 2158 ρητορικην

204 2183 351 2248 ἀσκοῦντα
378 2184 427 2247 καί
450 2184 666 2263 πολιτευόμενον
688 2190 787 2250 τοῦτον
809 2186 858 2250 τόν
880 2185 998 2267 τρίπον,
1023 2181 1053 2249 ὃν
1075 2185 1159 2263 ὑμεῖς
1179 2188 1227 2248 νῦν
1250 2195 1334 2246 πολι-

204 2285 338 2364 τειίεσθε,
373 2289 389 2363 ἦ
422 2287 501 2353 feri]
535 2290 615 2354 τόνδε
645 2289 693 2354 τὸν
722 2290 786 2368 βίον
817 2292 866 2356 τδν
895 2293 925 2355 ἐν
946 2289 1119 2373 φιλοσοφίην·
1144 2284 1202 2353 καίΙ
1215 2288 1247 2351 τί
1267 2286 1333 2351 ποτ’

205 2393 282 2458 ε’στδν
312 2390 392 2464 οὗτος
422 2394 525 2459 ἐκείνου
556 2394 711 2476 διαφόρους
743 2393 808 2468 ίσως
840 2391 885 2462 οὖν
906 2394 1061 2474 βέλτιστόν
1084 2396 1181 2471 ἐστιν,
1204 2394 1241 2463 οδε
1264 2389 1329 2471 ἄρτι

169 2497 263 2574 Dirc
296 2497 489 2578 ἐπεχείρησα,
526 2499 705 2578 διαιρεῖσθαι,
740 2501 915 2579 διελομένους
950 2501 979 2566 δὲ
1009 2499 1058 2564 κα)
1091 2499 1331 2577 όμολογόσαντοις

202 2603 361 2680 αλλήλοις,
392 2606 416 2670 εί
438 2605 500 2669 ἔστι
522 2608 613 2669 τοῦτο
637 2605 720 2670 διττόν
743 2608 782 2670 τιδ
804 2606 878 2683 βίω,
903 2605 1069 2686 σκέψασθαι
1092 2603 1124 2670 τί
1143 2629 1177 2668 τε
1199 2603 1332 2686 διαφέρε·

173 2768 179 2783 ,
203 2729 251 2771 του
273 2709 411 2784 ἀλλήλοιν
433 2709 482 2774 καὶ
506 2708 635 2790 όπότερον
656 2711 774 2787 βιωτέον
797 2715 902 2777 αὐτοῖν.
926 2709 992 2783 ίσιος
1015 2707 1067 2775 οῦν
1083 2709 1159 2775 οὕτω
1182 2704 1282 2781 οἶσθα,
1301 2707 1333 2772 τί

203 2811 289 2893 λέγω.
312 2851 357 2862 -
378 2825 471 2881 ΚΑΛ.
495 2817 540 2881 Οὐ
562 2816 646 2891 δῆτα.
671 2851 715 2866 ·-
737 2825 808 2883 ΣΩ.
832 2815 917 2881 Ἀλλ’
935 2816 993 2892 ἐγώ
1014 2839 1055 2880 σοι
1076 2812 1256 2894 σαφέστερον
1268 2813 1330 2891 ε’ρῦ.

203 2918 299 2992 ἐπειδὴ
320 2921 549 2997 ὡμολογήκαμεν
571 2922 629 2998 ε’γίι
651 2945 686 2988 τε
708 2922 758 2985 καὶ
780 2924 816 2986 σὺ
839 2916 909 2985 εἶναι
933 2920 986 2998 μέν
1008 2943 1036 2985 τι
1059 2921 1190 2997 ἀγαθὸν,
1211 2913 1282 2983 εἶναι
1298 2917 1329 2983 δέ

237 3149 322 3200 5000
344 3151 371 3204 οῦ
391 3156 415 3218 τό
436 3160 463 3206 ἂν
482 3157 569 3219 μᾶλλον
582 3181 616 3194 ·-
630 3158 645 3212 ἢ
661 3158 740 3218 τοῦτο,
791 3154 898 3204 culmus.
914 3182 948 3191 -
961 3152 995 3202 Ιει
1005 3152 1128 3218 proximis
1140 3149 1247 3214 Gorgias
1257 3148 1333 3198 habet

203 3218 275 3268 ὅντινα
294 3222 353 3286 χρὴ]
385 3220 538 3286 Interpretea
554 3221 686 3274 defendere
702 3236 742 3270 co·
791 3225 806 3279 ἡ
828 3225 864 3272 ἐπὶ
892 3221 954 3272 τόνδε
975 3226 1012 3271 τδν
1033 3223 1084 3286 βίον
1108 3223 1145 3269 τὀν
1166 3222 1189 3268 ia
1210 3218 1332 3290 ριδοσορῖρο.
1393 3242 1398 3251 =

202 3287 295 3331 nentur
311 3284 337 3335 οῦ
352 3313 384 3324 -
401 3290 415 3344 ἣ
431 3292 498 3339 τοῦτο
512 3286 742 3351 laudentcs'hujus·
791 3288 864 3347 Quae
885 3288 1028 3353 approbant,
1048 3285 1080 3335 ed
1109 3289 1147 3335 ῖπὶ
1173 3282 1248 3339 etiam
1265 3281 1333 3330 trahi

202 3348 272 3397 modi
288 3350 369 3410 locos,
387 3352 480 3415 Ἔλεος.
499 3355 542 3403 127
561 3352 584 3401 Β
600 3357 630 3410 ὡς
646 3357 690 3416 ῖρὼ
705 3356 743 3403 σῦκ
790 3368 865 3418 posse
880 3369 895 3402 c
913 3353 977 3402 insti
991 3354 1133 3420 παρακαλεῖς
1146 3365 1176 3399 ex
1190 3346 1334 3414 praeceden·

203 3411 249 3464 ἔσθ’
269 3419 283 3466 ό
303 3437 326 3468 τι
348 3420 427 3470 τοῦτον
441 3427 520 3483 μεῖζον
535 3423 562 3469 ἂν
578 3422 671 3488 Ιρμαιον
686 3424 743 3483 ἡγη-
790 3420 867 3468 tibus.
909 3435 979 3468 erum
991 3420 1093 3467 omnino
1104 3432 1149 3482 per
1160 3431 1186 3465 se
1195 3413 1333 3464 absurdum

203 3483 287 3545 σαίριην
302 3487 316 3539 ἢ
334 3488 354 3532 εί
370 3483 432 3541 οὗτος
449 3488 495 3535 κτέ.
515 3484 743 3554 (δείλθθῦκαίτοι
790 3485 898 3548 cogitare
928 3484 1057 3534 Calliclem
1090 3484 1265 3551 παρακαλοῦντα
1296 3482 1333 3529 rso

203 3550 237 3602 τῖε
259 3553 286 3597 ἂν
307 3552 400 3614 αἰσχίων
422 3553 457 3606 εἴη
473 3551 558 3608 ταύτης
574 3551 629 3608 δόξα
645 3554 660 3608 ἢ
677 3552 747 3602 δοκεῖν
788 3555 826 3602 τόν
850 3556 872 3602 ἐν
895 3553 1011 3618 φιλοσοφίᾳ
1031 3554 1090 3617 βίον.
1127 3549 1163 3598 Ut
1182 3548 1261 3610 igitur
1277 3546 1333 3621 luce

203 3633 220 3677 χ
236 3620 317 3677 ἠματα
333 3620 388 3684 περὶ
399 3620 496 3673 πλείονος
508 3621 621 3667 ποιεῖσθαι
631 3621 645 3673 ἦ
657 3621 743 3683 ρῖλους;
789 3618 880 3666 clarius
897 3623 1029 3682 appareat,
1046 3620 1199 3681 quantopere
1210 3614 1333 3661 contentus

228 3693 297 3727 erum
314 3681 342 3728 in
356 3681 396 3729 his
408 3697 488 3730 unum
498 3686 596 3730 tantum
608 3697 744 3746 pronomen
789 3683 854 3732 illud
876 3688 913 3735 ἐπὶ
936 3686 1051 3749 respuat,
1075 3686 1158 3731 totum
1174 3678 1258 3728 locum
1275 3676 1333 3725 ride

202 3746 319 3794 occurrit.
350 3746 383 3794 In
402 3747 457 3795 loco
474 3753 571 3806 sutem,
587 3762 662 3810 quem
679 3753 743 3796 trac·
790 3749 863 3814 plene
879 3748 1001 3813 scriptum
1019 3749 1069 3796 sicr
1089 3753 1186 3815 πότερον
1201 3747 1279 3795 τοῦτον
1296 3746 1334 3793 τδν

202 3812 297 3869 tamus,
322 3817 455 3882 postquam
480 3813 565 3862 eadem
589 3828 628 3862 res
645 3817 683 3861 ter
698 3829 744 3877 per
791 3819 842 3880 βίον
863 3817 897 3866 δα
920 3824 973 3878 ζῆν,
996 3812 1030 3882 ἆρ’
1051 3816 1075 3864 δν
1091 3817 1118 3864 σὺ
1133 3812 1274 3879 caprasius
1290 3813 1332 3873 θινὶ

200 3879 349 3939 pronomine
372 3880 451 3930 τοῦτον
474 3905 507 3917 -
532 3876 557 3930 οὗ
578 3906 611 3916 -
636 3882 650 3936 ἣ
676 3884 744 3931 τοῦτο
791 3886 837 3932 ατί.
854 3908 887 3917 -
909 3886 923 3938 ἡ
944 3883 1005 3932 τόνδε
1024 3885 1062 3931 τδν
1077 3884 1127 3945 βίον
1144 3878 1193 3941 (τόν
1209 3882 1230 3927 ἐν
1246 3877 1332 3942 φιλοσο-

201 3940 340 4003 significata
364 3952 413 4003 est,
437 3948 492 4010 ipss
509 3946 569 3993 haec
585 3959 624 3993 res
640 3946 742 3995 tandem
791 3952 832 4012 ρίᾳ
856 3947 873 3995 i.
889 3948 924 4011 c.)
948 3949 971 3995 δν
992 3952 1036 4010 ῖγὼ
1058 3954 1091 4008 ζῶ
1114 3944 1159 4008 (δεῖ
1182 3945 1247 4006 §iah
1265 3939 1333 3991 unde

200 4007 351 4082 nominatur.
374 4010 446 4059 Ferri
457 4011 535 4070 igitur
546 4025 598 4059 non
609 4025 681 4075 posse
693 4016 741 4060 ter·
791 4012 867 4061 simul
875 4010 974 4061 facilius
982 4013 1121 4077 percipitur
1129 4025 1224 4059 sensus.
1237 4005 1290 4057 Seri
1310 4004 1332 4055 si

199 4074 264 4120 tsum
286 4090 424 4140 pronomen
447 4076 565 4135 arbitror,
587 4082 612 4125 et
633 4077 742 4127 scriben'·
788 4083 867 4129 τοῦτον
888 4083 925 4128 τὸν
947 4079 1010 4143 βίον,
1035 4092 1186 4142 quamquam
1207 4088 1279 4140 praec
1313 4071 1333 4120 't

200 4137 261 4213 flum
285 4144 299 4197 ἣ
321 4143 393 4191 ὅντινα
415 4150 461 4210 χρὴ
478 4151 561 4210 τρόπον
578 4151 631 4208 ζῆν,
648 4143 741 4192 omisso
788 4149 860 4195 όντινα
883 4151 929 4211 χρὴ
948 4151 1032 4213 τρόπον
1051 4152 1102 4208 ζῆν,
1121 4142 1180 4207 quic
1196 4140 1257 4189 hoec
1274 4152 1334 4218 eon:

200 4203 244 4252 1110
265 4213 340 4256 τοῦτο.
374 4207 416 4254 sie
437 4210 511 4257 etiam
535 4210 636 4258 demum
653 4210 739 4259 cedem
788 4213 860 4259 tinuo
880 4216 1020 4273 sequuntur
1036 4211 1083 4259 hae
1098 4224 1171 4259 voces
1187 4209 1225 4256 καὶ
1241 4207 1265 4256 τί
1281 4222 1326 4254 ποτ

200 4271 354 4321 constructio
370 4272 417 4327 erit
433 4273 489 4331 hic,
505 4290 568 4337 quae
584 4280 621 4323 est
638 4275 666 4323 iu
678 4275 740 4325 locis
790 4280 849 4327 ἐστὶν
864 4274 927 4332 οὗτος
944 4275 972 4340 (i.
989 4291 1010 4326 e.
1026 4279 1039 4327 δ
1055 4275 1117 4342 βίος)
1134 4277 1214 4325 διαίνου
1230 4271 1248 4321 i.
1259 4287 1281 4320 e.
1293 4276 1333 4320 τοῦ

199 4334 251 4384 illis
272 4336 389 4386 laudatis.
421 4338 447 4385 in
474 4339 539 4389 Phd.
562 4340 608 4390 107
624 4340 649 4389 A
665 4341 741 4390 etiam
788 4347 852 4408 βίον)
874 4345 996 4426 διαρόρωνς
1018 4349 1044 4391 et
1065 4341 1140 4407 paulo
1162 4337 1266 4388 inferius
1286 4336 1333 4384 hae

199 4401 272 4450 nimii
288 4402 396 4452 'fuerunt
419 4402 446 4452 in
469 4407 653 4470 comparatione
675 4407 741 4456 indi·
789 4413 809 4458 εὶ
835 4415 882 4459 ion
906 4429 979 4459 τουτω
1001 4408 1070 4461 διττὼ
1092 4413 1125 4458 τὼ
1141 4409 1194 4473 βίον.
1224 4402 1273 4453 Sed
1289 4400 1332 4448 hio
1435 4436 1439 4445 ·

200 4468 277 4517 canda
294 4469 462 4518 adscribentes
479 4471 540 4519 haec
558 4475 622 4529 ἣτδν
633 4477 666 4523 νῦν
678 4490 741 4542 παρ-
790 4478 851 4524 ἑστδν
861 4490 907 4539 pro
919 4480 968 4525 ῖστι
976 4474 1136 4523 scribendum
1144 4487 1197 4522 esso
1207 4467 1331 4528 monenti,

200 4538 267 4598 όντα,
290 4550 354 4600 quae
369 4534 454 4585 omnis
469 4535 621 4602 abjicienda,
637 4539 676 4588 uti
695 4540 741 4589 do·
789 4540 891 4605 opinor,
907 4539 972 4589 mihi
986 4540 1072 4589 statim
1090 4537 1214 4589 concedis.
