3038 5122
182 291 202 353 ιι
353 331 356 339 ,
566 239 571 255 ’
611 290 888 389 rinconis

181 502 251 557 ΣΩ.
261 493 349 563 ’Τούς
373 515 409 567 γε
428 491 490 571 περὶ
510 493 549 556 τα
565 494 718 573 νοσύμαπα
726 522 735 571 ;
759 533 802 543 -
819 506 904 573 ΓΟΡ.
920 497 1074 561 Μύλιστα.
1089 533 1132 544 -
1145 505 1217 560 ΣΩ.
1231 498 1313 560 Οὐκ·

179 603 225 662 οῦν
256 597 304 661 καὶ
336 601 351 673 η
378 600 562 673 γυμναστικὴ
586 597 649 678 περὶ
672 599 775 675 λύγους
799 603 859 665 ἐστὶ
883 602 949 672 τοὺς
972 603 1034 680 περὶ
1057 600 1169 679 εὐεξίαν
1192 625 1226 664 τε
1252 607 1311 664 τῶν

179 703 320 780 τοιούτοιν
343 704 391 768 καὶ
415 701 579 782 καχεξίαν;
604 740 649 752 -
670 714 755 769 ΓΟΡ.
781 706 862 770 Πύνυ
882 730 927 782 γε.
954 744 992 754 -
1018 717 1089 770 ΣΩ.
1106 707 1161 770 Καὶ
1183 708 1241 781 ροην
1256 708 1310 771 καὶ

179 810 210 871 αἱ
244 808 336 872 ἄλλαι
366 809 487 888 τέχναι,
518 805 684 889 ύΓορχύα,
717 809 804 881 οὕτως
830 810 956 890 ἔχουσιν·
990 810 1097 884 ἑκάστη
1126 814 1220 899 αύπῶν
1244 813 1309 892 περὶ

178 914 281 989 λόγους
313 914 373 977 ἐστὶ
404 914 538 989 τούτους,
572 909 598 978 οἳ
627 913 823 995 τυγχάνουσιν
853 914 931 986 ὄντες
958 918 1020 995 περὶ
1043 917 1076 981 τὸ
1100 919 1251 994 πρᾶγμα,
1275 913 1311 980 ού
1317 920 1345 984 Β

178 1017 285 1094 ἑκύττη
309 1019 385 1084 ἐστὶν
408 1023 424 1093 ἡ
448 1019 549 1101 τέχνη.
569 1057 612 1068 --
635 1031 719 1085 ΓΟΡ.
745 1022 891 1085 Φαίνεται.
911 1057 957 1071 ·-
979 1031 1053 1086 ΣΩ.
1078 1020 1118 1085 Τι’
1139 1017 1183 1085 ούν
1199 1022 1309 1096 δήποτε

177 1124 232 1196 τοὶς
251 1123 349 1203 ἄλλοις
372 1126 482 1204 τέχνας
499 1110 536 1189 Ιύύ
558 1126 703 1206 ῥητορικὰς
727 1134 845 1202 καλεῖς,
874 1126 963 1197 ούσας
990 1128 1051 1222 περὶ
1075 1127 1199 1203 λύγους,
1226 1128 1309 1206 εἴπερ

176 1231 286 1304 ταύτην
308 1233 450 1310 ρἠτορινιην
468 1234 592 1305 ικαλεῖς,
618 1227 634 1306 ἢ
657 1231 693 1296 ἂν
716 1229 733 1312 ᾖ
757 1231 819 1312 περὶ
842 1232 967 1308 λύγονς;
1000 1272 1032 1280 ·-
1060 1243 1144 1297 ΓΟΡ.
1168 1231 1263 1310 Ὅτι,
1286 1228 1308 1296 ὦ

177 1336 346 1414 Σώκρατες,
368 1342 425 1399 τῶν
447 1337 500 1412 μὲν
523 1335 620 1400 ἄλλων
642 1343 752 1415 τεχνῶν
772 1337 834 1416 περὶ
851 1339 1029 1416 χειρουργίας
1051 1363 1084 1402 τε
1100 1341 1149 1403 καὶ
1165 1339 1307 1423 τοιαύτας

178 1439 313 1518 πράξεις,
337 1444 373 1512 ὡς
396 1442 463 1511 ἔπος
488 1442 592 1522 εἰπεῖν,
617 1443 702 1505 edroi
728 1445 804 1506 ἐστιν
828 1446 845 1517 η
865 1444 1029 1518 ἐπιστήμη,
1050 1452 1101 1516 τῆς
1122 1444 1151 1506 δὲ
1166 1447 1309 1523 ῥητορικῆς

176 1546 252 1610 οὐδέν
283 1548 345 1611 ἐστι
377 1552 498 1611 τοιοῦτον
521 1547 736 1627 χειρούργημα,
758 1547 842 1612 οὶλλύ
865 1550 951 1610 ποῖσα
975 1551 991 1621 ἡ
1014 1546 1117 1627 πρᾶξις
1141 1548 1190 1611 καὶ
1218 1547 1309 1622 ἡκύ-

174 1675 255 1729 ρωσις
284 1652 331 1716 διὰ
363 1652 458 1728 λύριον
490 1653 561 1716 ἐστι’.
592 1651 639 1715 δια
669 1656 755 1716 ταῦτ’
781 1654 839 1730 ἐγὼ
866 1655 917 1725 την
939 1655 1079 1733 ῥητορικὴν
1103 1653 1209 1732 τέχνην
1235 1652 1343 1728 αξιῶὒ

174 1752 329 1836 εἶναιπερὶ
353 1758 474 1834 λόγους,
497 1759 577 1837 obem
600 1757 715 1845 λε’χοον,Ι
737 1760 773 1828 ὠς
796 1757 854 1834 ἐγώ
877 1766 966 1838 φημι.

219 1860 255 1926 V.
291 1872 362 1928 ΣΩ.
391 1863 459 1940 Ἆρ’
488 1860 533 1927 ούν
560 1862 711 1938 asstare,
742 1859 801 1926 οἵαν
831 1865 923 1935 αὐτην
952 1863 1052 1939 βούλει
1078 1869 1178 1926 καλεῖν
1185 1888 1194 1940 ;
1218 1863 1309 1942 τύχοι

176 1969 201 2031 δ’
224 1966 336 2044 εἴσομαι
360 1970 545 2052 σαφέστερον.
568 1966 639 2031 ἀλλ’
661 1967 818 2047 οἱπύαριναι.
839 1969 907 2031 εἰσιν
928 1971 995 2044 ἡμῖν
1009 1967 1129 2047 τέχναι·
1142 1963 1161 2042 ἦ
1171 1966 1249 2048 ρύρ;
1261 2005 1309 2018 —-·

176 2084 261 2140 ΓΟΡ.
286 2076 356 2138 Ναί.
383 2114 420 2121 —
447 2084 518 2138 ΣΩ.
543 2078 648 2137 Πατῶν
671 2073 716 2148 δὲ,
737 2069 834 2151 οἶμαι,
852 2079 907 2136 τῶν
922 2078 1032 2152 τεχνῶν
1044 2078 1099 2135 τῶν
1111 2073 1167 2148 μὲν
1179 2075 1308 2152 ἐργασία

177 2182 209 2244 τὸ
238 2180 312 2244 πολύ
344 2183 405 2243 ἐστι
434 2179 483 2242 καὶ
514 2179 603 2255 λύγου
633 2179 763 2258 βραχέος
786 2177 911 2253 δέονται,
936 2177 1005 2243 ἔνιαι
1028 2178 1052 2241 δ’
1075 2178 1197 2268 οὐδενὸς,
1221 2179 1308 2244 aare

177 2285 208 2349 τὸ
238 2294 290 2359 τῆς
313 2286 419 2364 τέχνης
445 2284 600 2364 περαίνοιτο
627 2283 663 2346 dm
684 2285 733 2348 καὶ
757 2284 803 2348 δια
827 2292 929 2360 σιγῆς,
953 2279 1005 2348 οἷον
1028 2286 1158 2364 γραφικὴ
1181 2284 1230 2347 καὶ
1253 2287 1307 2348 οὶν-

103 2396 105 2400 ’
174 2390 363 2468 δριαντοποιία
385 2391 434 2454 καὶ
457 2390 549 2453 ἄλλαι
572 2389 690 2453 πολλαί.
713 2390 769 2460 τοὶς
790 2391 927 2460 τοιαύτας
943 2413 990 2465 μοι
1006 2389 1094 2460 δοκεῖς
1109 2391 1224 2465 λέγειν,
1240 2391 1343 2468 mabil)

172 2492 208 2566 ἃς
231 2497 261 2560 ού
285 2497 344 2577 φης
368 2498 418 2569 την
440 2496 580 2575 ρἠτορικην
602 2491 683 2568 εἶναι.
709 2496 725 2569 ἢ
749 2494 783 2560 ού
788 2520 798 2574 ;
819 2533 861 2543 -
881 2506 964 2560 ΓΟΡ.
983 2494 1064 2560 Πύνυ
1081 2495 1134 2570 μὲν
1150 2490 1194 2558 ούν
1206 2500 1305 2568 καλῶς

203 2711 252 2758 450
273 2709 296 2756 Β
318 2735 352 2745 -·
372 2707 396 2758 οὗ
415 2712 499 2766 ἑκάστη
521 2712 609 2766 ἔστὶνὴ
627 2711 706 2775 τέχνη]
761 2711 913 2776 ἀνατροπαὶ.
931 2723 961 2757 ex
983 2703 1030 2758 323
1049 2707 1071 2756 E
1089 2712 1114 2757 et
1130 2702 1177 2758 325
1195 2707 1220 2756 A
1236 2708 1305 2758 illud

172 2775 229 2824 Vox
245 2783 313 2841 τέχνη
329 2775 455 2839 referenda
470 2775 503 2824 sd
523 2779 597 2839 treis,
619 2776 713 2824 nonad
761 2775 884 2842 ξυλληρδην
907 2775 958 2823 hue
974 2775 1107 2823 invectum.
1131 2773 1226 2823 Verum
1243 2790 1303 2824 eave

169 2845 261 2900 ἑκάστη.
296 2841 347 2891 Hie
371 2843 437 2891 enim
461 2857 548 2892 sensus
570 2845 609 2890 est
626 2842 712 2890 verbo·
761 2847 844 2890 tamen
864 2846 938 2906 putes
959 2841 1019 2890 haec
1035 2845 1143 2905 quatuor
1159 2840 1318 2906 promissus.

168 2925 239 2957 rum:
262 2910 333 2972 cujas
353 2908 393 2957 rei
416 2924 528 2970 quaeque
545 2908 713 2972 (reliquorum
760 2908 885 2973 usurpari.
918 2907 1004 2970 Neque
1028 2907 1172 2970 ubicunque
1194 2922 1301 2956 concur·

168 2976 276 3039 artium)
294 2980 332 3023 est
348 2991 399 3023 ors.
430 2974 493 3023 Vide
510 2975 555 3022 501
574 2975 611 3031 A,
629 2977 675 3023 510
688 2975 712 3022 A
760 2979 817 3022 rant
839 2973 960 3038 quaedam
981 2988 1067 3022 eorum
1084 2972 1205 3037 ejiciendo
1222 2973 1324 3022 cerri·-

168 3047 193 3090 et
214 3044 261 3090 525
279 3042 310 3088 A
345 3040 409 3090 Cum
427 3041 465 3104 (in
482 3041 517 3103 A)
534 3049 593 3091 ποιιῐ
609 3042 711 3098 δυνατούς
758 3040 852 3102 gendos
876 3040 944 3088 locos
971 3054 1083 3097 censeas,
1108 3055 1145 3088 ex.
1169 3055 1205 3101 gr,
1223 3039 1300 3102 Legg.

107 3163 111 3176 ἱ
167 3109 223 3158 «bau
253 3116 337 3176 φρονεῖν
365 3105 450 3156 confer
474 3107 589 3170 Euthyd
616 3109 662 3156 273
689 3105 710 3154 O
760 3109 806 3155 805
830 3107 854 3155 A
877 3107 955 3171 σχεδὸν
972 3111 1018 3175 γὰρ
1033 3108 1107 3169 ὀλίγου
1123 3115 1188 3156 πᾶσα
1203 3109 1300 3170 ἡμίσεια

167 3175 313 3238 praesertim
332 3173 409 3239 Soph.
428 3173 474 3221 234
492 3173 523 3221 B.
554 3171 645 3236 Itaque
655 3173 710 3223 εἶναι
757 3175 827 3229 πόλις.
845 3171 1012 3220 Refer-endum
1028 3172 1096 3220 enim
1108 3175 1181 3234 ὀλίγον
1191 3170 1223 3220 ad
1231 3181 1300 3222 πᾶσα

167 3255 219 3287 nou
235 3239 392 3288 movendum.
411 3239 538 3287 -Paulo
555 3238 659 3286 inferius
674 3239 708 3287 ie·
757 3246 783 3286 et
800 3239 878 3303 σχεδὸν
893 3238 925 3286 ad
940 3241 1041 3302 ἡμίσιιιι.
1074 3236 1203 3286 Habemus
1218 3237 1300 3299 igitur

167 3305 236 3367 gitur
252 3304 360 3352 formula
377 3309 406 3361 ὡς
421 3311 472 3361 ἔπος
483 3308 560 3355 elusis.
577 3303 646 3352 Huic
657 3303 707 3352 for·
757 3303 799 3352 hie
816 3309 845 3360 ὡς
862 3308 999 3360 insecteris
1016 3325 1047 3348 =
1065 3305 1144 3369 σχεδὸν
1159 3303 1199 3352 vel
1213 3306 1298 3366 turm,

166 3371 248 3418 mulne
271 3371 298 3417 in
321 3370 393 3435 Rep.=
407 3372 453 3420 341
478 3371 500 3417 B
523 3371 660 3435 opponitur
682 3376 708 3421 τὸ
757 3375 782 3417 et
798 3370 873 3418 modo
890 3370 1000 3418 vidimus
1016 3380 1141 3434 συντέμνειν
1158 3391 1188 3413 =
1205 3373 1298 3437 βραχύ-

166 3443 262 3505 ὰκριβεῐ
283 3439 341 3503 λόγῳ
357 3471 363 3484 .
381 3440 406 3484 et
428 3437 455 3484 iu
478 3437 553 3499 Legg.
577 3438 624 3484 656
641 3436 664 3483 Ε
681 3442 709 3487 τὸ
756 3455 822 3504 τερον
853 3443 930 3487 ποιιῑν.
972 3435 1044 3496 Quae
1076 3438 1299 3501 interpretamenta

167 3504 249 3560 ὄντωςε
271 3503 337 3551 unde
353 3503 449 3565 optime
465 3503 525 3551 haec
541 3502 595 3566 ejus
613 3502 707 3565 siguifi-
753 3517 908 3566 ‚quamquam
935 3517 983 3550 non
1012 3501 1113 3563 ferenda
1140 3501 1200 3550 su'nt
1221 3502 1299 3566 juxta

166 3570 231 3618 estio
248 3568 389 3632 colligitur:
407 3573 436 3616 ut
448 3570 602 3624 summatim,
616 3568 653 3616 vel
659 3585 706 3632 ρο-
755 3567 875 3630 genuina,
887 3569 990 3617 maximi
1002 3574 1085 3618 tamen
1096 3568 1216 3617 momenti
1228 3573 1298 3618 sunt.

165 3636 231 3688 tius.
258 3651 306 3683 ιιοα
328 3636 363 3682 ad
387 3635 505 3682 amussim
529 3634 619 3683 dicam.
656 3633 706 3682 Ubi
755 3632 910 3682 Auctoribus
929 3635 995 3683 enim
1014 3634 1113 3698 linguae
1125 3633 1234 3682 Graecae
1244 3634 1297 3682 uti·
1363 3664 1371 3682 ι

165 3701 244 3765 igitur
260 3717 287 3750 ea
303 3701 411 3749 formula
427 3701 555 3749 referenda
571 3706 608 3749 est
619 3715 657 3749 ex.
668 3716 706 3763 gr.
754 3715 802 3763 qne
823 3701 982 3765 peritissimis
1000 3701 1128 3750 debentur.
1161 3699 1297 3764 Ejusdem·

165 3767 198 3816 ad
219 3777 280 3832 πᾶς,
305 3772 367 3827 ὅλος,
391 3768 472 3831 ridde,
498 3768 567 3824 sim,
584 3767 644 3814 hsec
661 3767 705 3815 ad·
753 3767 823 3814 modi
848 3781 935 3831 operae
959 3767 1069 3832 pretium
1093 3772 1131 3814 est
1147 3766 1187 3814 his
1204 3765 1298 3816 addere

162 3834 255 3899 jectiva
285 3849 335 3881 non
362 3839 456 3901 ἀκριβεῖ
481 3838 538 3899 λόγῳ
562 3832 704 3895 significant
753 3833 874 3881 nonnulis
907 3849 945 3881 ex.
974 3848 1010 3894 gr.
1039 3835 1093 3900 ὄναρ
1120 3852 1151 3876 =
1175 3838 1196 3882 e
1220 3834 1295 3899 ὕπνῳ,

164 3900 233 3964 quod
251 3899 283 3946 iis
299 3899 460 3964 exprimitur,
477 3901 519 3947 sed
526 3900 705 3962 propemodum
752 3899 814 3966 ῦπαρ
832 3919 862 3948 =
879 3904 1019 3968 ἐγρηγορὼς,
1036 3904 1107 3967 χάριν
1126 3921 1157 3944 =
1174 3903 1244 3961 ἕνεκα,
1267 3903 1297 3956 ὥς

165 3972 190 4016 et
206 3965 326 4014 universe.
353 3963 437 4024 Quam
454 3966 505 4013 vim
522 3965 596 4014 etiam
607 3965 704 4029 antiqui
752 3983 787 4020 τις
804 3969 841 4015 καὶ
857 3970 922 4022 ἄλλος
939 3985 970 4008 =
987 3969 1090 4028 μάλιστα
1104 3971 1238 4034 ἀνθρώπων,
1252 3967 1296 4014 αἴλ-

164 4031 278 4081 Platonis
294 4032 398 4080 lectores
415 4032 437 4078 ei
453 4032 571 4080 tribuisse
584 4031 704 4080 discimus
752 4033 794 4087 λοις
817 4051 843 4081 τε
863 4037 900 4082 καὶ
923 4051 954 4074 =
977 4038 1065 4088 πάντας
1086 4037 1203 4095 μάλιστα,
1222 4041 1298 4088 κακῶς

165 4115 194 4148 ex
211 4098 445 4164 interpretamentis.
479 4097 527 4145 Ex,
543 4113 579 4160 gr.
591 4098 618 4144 in
629 4098 704 4160 Legg.
753 4098 824 4158 λέγειν
846 4118 895 4147 τινα
917 4116 948 4140 =
970 4099 1130 4167 λοιδορεῖσθαι,
1155 4105 1176 4148 ἐν
1192 4100 1297 4163 τιμωρίᾳ

166 4168 213 4215 800
237 4165 256 4212 0
278 4169 307 4221 ὡς
324 4169 376 4220 ἔπος
392 4169 460 4213 εἰπεῖν
477 4165 555 4229 σχεδὸν
571 4166 644 4225 ὀλίγον
660 4169 704 4213 πά·
754 4163 808 4213 εἶναι
826 4184 857 4206 =
875 4166 1022 4226 κολάζεσθαι,
1041 4167 1121 4214 διδόναι
1134 4167 1296 4228 δύαηνετνρ·

166 4252 216 4288 σαις
233 4267 239 4279 .
256 4237 280 4278 et
299 4232 376 4295 σχεδὸν
392 4237 417 4278 et
431 4236 504 4293 ὀλίγον
514 4236 574 4278 sunt
584 4232 705 4294 interpre·
754 4236 828 4292 χάνειν
844 4233 956 4296 τιμωρίας
974 4229 1011 4278 vel
1026 4234 1173 4294 νιολάςισθαι,
1192 4236 1248 4298 ἄρτι
1263 4251 1297 4274 =
1341 4250 1346 4257 ·

165 4304 275 4346 tamenta
305 4299 374 4344 iuius
402 4296 530 4344 formulae.
566 4296 597 4343 In
630 4295 705 4360 Apol.
755 4297 833 4345 τούτου
848 4300 956 4364 πρόσθεν,
978 4312 1041 4359 quae
1059 4298 1156 4360 singula
1169 4298 1222 4361 jam
1238 4311 1296 4360 per·

167 4363 236 4412 Soer.
260 4365 290 4410 22
313 4364 344 4410 B.
368 4367 396 4419 ὡς
418 4367 470 4418 ἔπος
485 4369 532 4429 γὰρ
548 4367 618 4413 εἰπεῖν
634 4366 706 4426 ὀλίγου
755 4362 834 4409 secuti
851 4377 937 4409 sumus
953 4377 1029 4410 suove
1045 4362 1100 4411 loco
1110 4377 1296 4427 persequemur.

167 4434 237 4481 αὐτῶν
248 4431 448 4486 ἁπάντιςιεούυυι
458 4430 706 4493 tiiymabjiciendum
787 4455 818 4463 -
842 4429 862 4475 D
884 4432 938 4498 περὶ
960 4431 988 4485 ἃς
1010 4433 1034 4480 οὐ
1056 4457 1088 4465 -
1104 4431 1170 4492 εἶναι]
1194 4428 1227 4476 In
1243 4428 1299 4478 illis

167 4500 196 4544 nt
211 4496 466 4560 interpretamentum.
494 4496 526 4543 In
544 4495 613 4543 Prot.
625 4494 705 4544 3250
753 4498 807 4562 περὶ
819 4500 845 4550 ἃς
856 4496 972 4542 turbatur
980 4495 1029 4544 loci
1037 4512 1132 4546 seusus.
1149 4494 1296 4555 Quaeritur,

168 4566 205 4612 ναὶ
230 4567 259 4619 ὡς
280 4571 332 4618 ἔπος
356 4566 426 4611 εἰπεῖν
447 4564 570 4628 ξυλλήρδην
585 4574 628 4614 τῶν
643 4565 706 4612 οἴκων
752 4576 859 4624 quarum
867 4560 1296 4621 artiumunssitrhetorioa,utrum
