3038 5122
502 308 907 375 PROLBGOMRNA.
1232 331 1267 375 n

137 517 230 583 nibus
264 539 351 582 sanas
385 536 559 602 opponens,
595 535 656 598 quo
690 512 801 577 elarius
833 511 889 578 hae
915 513 946 578 in
970 513 1075 579 oculos
1097 515 1265 581 incurrant.

128 625 180 708 ¹llt
201 632 319 689 textum
342 622 557 687 emendaturus
580 620 718 684 locorum
747 640 869 684 sensum
892 620 937 684 ita
960 620 1114 705 explorare
1138 628 1267 687 conatus

138 752 220 808 sum,
249 740 285 793 ut
306 728 458 814 corruptio
482 749 574 811 quam
596 725 760 791 clarissime
779 732 930 814 appareat.
959 725 1049 806 Quod
1073 728 1105 791 in
1128 727 1266 791 tironum

138 836 264 920 gratiam
287 833 388 920 agenti
411 834 622 918 quae'harum
644 854 744 898 rerum
768 833 872 917 peritis
895 832 1043 916 simplicia
1066 839 1096 898 et
1124 832 1267 898 facillima

137 940 233 1005 videri
256 940 372 1026 possint
399 939 545 1022 nulloque
573 938 709 1023 exemplo
733 944 786 1002 aut
809 947 987 1022 argumento
1012 938 1146 1023 indigere
1173 960 1266 1024 saepe

137 1047 267 1111 maxima
289 1046 412 1130 negotia
434 1045 509 1109 mihi
534 1045 687 1110 lacessisse
710 1043 813 1109 fateor.
846 1042 924 1109 Vide
948 1067 993 1108 ex.
1018 1067 1061 1129 gr.
1088 1048 1151 1108 452
1176 1046 1204 1108 A
1230 1050 1264 1109 et

137 1151 183 1229 D,
209 1155 273 1217 512
296 1154 343 1231 A,
365 1150 420 1216 ubi
443 1151 579 1236 exempla
600 1150 750 1215 afferenda
772 1157 858 1215 crant
872 1158 902 1215 et
919 1158 1112 1234 argumenta,
1129 1172 1183 1216 cur
1201 1172 1261 1214 vox

138 1258 234 1334 ὑγίεια
267 1256 443 1342 expellenda
477 1257 534 1334 sit,
569 1277 624 1339 our
657 1278 716 1321 vor
749 1253 832 1321 alvom
846 1234 1038 1334 ¹retinenda,
1071 1278 1126 1321 cur
1161 1256 1266 1333 βιωτὸν
1318 1267 1323 1275 “

136 1363 257 1439 actarde
279 1384 332 1448 pro
355 1363 472 1441 βιωτέον
494 1363 662 1440 gattam
683 1360 873 1446 reponenda,
898 1365 963 1437 474
987 1362 1034 1438 A,
1057 1362 1108 1427 nbi
1128 1360 1263 1425 indican-

137 1467 211 1532 dum
235 1477 317 1546 erat,
342 1491 395 1533 our
418 1475 449 1531 et
472 1469 624 1552 quomodo
646 1469 744 1533 ironia
767 1469 798 1532 in
821 1467 952 1533 Socratis
975 1467 1075 1533 verbis
1097 1468 1180 1533 insit.
1227 1466 1267 1532 ut
1322 1474 1329 1492 '

137 1575 181 1638 sic
203 1596 294 1659 porro
317 1573 376 1639 alia
399 1584 549 1641 sexcenta.

186 1786 286 1866 Θοιῦμ’
313 1785 354 1854 ὅτι
381 1789 430 1857 acl
455 1794 503 1854 νῦν
526 1785 603 1866 buter
626 1788 725 1854 dicere
747 1791 913 1855 nonnullos
936 1791 1040 1856 audire
1063 1792 1137 1856 mihi
1160 1791 1265 1857 videor

140 1894 321 1978 opusculum
350 1895 407 1960 hoo
430 1895 641 1980 qualecunque
663 1894 785 1960 tandem
809 1898 840 1961 in
865 1896 963 1960 lucem
987 1897 1138 1981 prolatum
1166 1897 1268 1961 viden·

143 2007 196 2064 tes.
240 1999 307 2064 Imo
338 2002 402 2086 ipse
429 2001 489 2066 fere
512 2002 668 2087 desperari
691 2002 728 2066 de
752 2002 817 2087 ejus
841 2002 1037 2069 confectione.
1088 2002 1171 2066 Adeo
1194 2012 1268 2067 tem·

113 2146 115 2148 -
142 2103 268 2189 poribus
299 2108 373 2171 meis
400 2108 524 2172 mutatis
548 2108 626 2202 nihil
649 2108 705 2172 otii
728 2108 804 2173 mihi
828 2109 911 2172 erat.
937 2111 997 2186 Ac,
1023 2110 1048 2172 si
1072 2109 1145 2192 quid
1168 2108 1267 2185 aliud,

141 2220 279 2275 nostrum
304 2211 362 2275 hoc
385 2213 521 2278 studium
545 2214 700 2279 suboesiva
721 2221 857 2300 tempora
878 2215 1024 2299 requirit,
1049 2213 1162 2298 quibus
1186 2214 1267 2300 apud

139 2339 195 2380 nos
226 2317 312 2382 nnllo
345 2340 468 2403 prorsus
498 2320 613 2385 honore
642 2321 790 2404 fungens,
823 2321 847 2385 al
878 2322 927 2385 acl
959 2320 1134 2398 γελοιότερον
1158 2321 1267 2406 εἰπεῖν,

141 2424 278 2487 omnium
312 2425 436 2490 minime
470 2425 621 2503 abundat,
658 2428 770 2512 qnippe
806 2427 959 2492 honorarii
996 2449 1034 2490 ne
1068 2423 1268 2506 στριβιλικίγξ

141 2529 262 2611 quidem
286 2529 345 2593 οἰοιὸ
368 2537 456 2596 κοινοῦ
482 2532 647 2617 particeps,
678 2532 807 2617 ideoque
831 2533 861 2596 in
885 2533 1019 2597 tironum
1037 2533 1169 2616 gratiam
1192 2528 1267 2604 ὅλοις

140 2635 189 2699 acl
219 2634 321 2706 οιοὶοοις
350 2637 406 2708 τοὶς
438 2636 545 2716 ἡμέροις
574 2638 742 2722 omnigenis
766 2639 896 2722 negotiis
919 2660 953 2701 ac
976 2639 1067 2722 nugis
1091 2638 1267 2716 districtus,
1354 2674 1361 2688 ·

141 2761 217 2824 quae
247 2742 299 2814 τὴν
327 2743 429 2821 ψυχὴν
460 2745 496 2815 ὡς
527 2744 639 2818 ἀληθῶς
670 2747 775 2823 napata
807 2752 897 2826 οιοιεῖ,
930 2731 1000 2808 solis
1032 2752 1105 2808 nota
1135 2745 1191 2820 iis,
1215 2743 1269 2828 qui

140 2847 243 2911 eadem
275 2848 449 2912 conditione
480 2871 514 2913 ac
545 2850 607 2913 fato
638 2856 711 2914 sunt
733 2849 782 2913 vel
804 2849 938 2914 fuerunt.
982 2849 1025 2912 At
1048 2871 1117 2915 raro
1141 2849 1267 2933 longum

140 2958 240 3018 tamen
263 2953 366 3032 abest,
392 2964 426 3019 ut
451 2955 528 3018 hanc
550 2977 648 3019 meam
670 2956 767 3019 vicem
790 2955 918 3019 doleam.
943 2955 1000 3021 Mal
1023 2954 1072 3019 τὸν
1091 2954 1182 3031 κύιοι,
1204 2976 1268 3019 non

140 3080 258 3142 queror.
283 3060 441 3125 Rationem
465 3068 584 3126 tantum
607 3062 770 3147 quamdam
792 3060 916 3125 reddere
941 3059 1023 3123 volui
1039 3082 1120 3123 nunc
1145 3059 1267 3124 demum

141 3165 214 3229 editi
237 3165 344 3231 libelli.
384 3167 504 3232 Etenim
528 3191 563 3233 eo
587 3168 671 3253 ipso,
696 3167 776 3253 quod
794 3190 868 3251 raro
891 3176 1028 3244 tantum,
1045 3188 1267 3250 nonuunquam

68 3277 69 3280 ’
142 3279 210 3355 post
233 3271 408 3355 longissima
430 3275 573 3359 temporis
596 3275 771 3353 intervalla,
794 3274 831 3338 ad
853 3274 987 3339 criticam
1005 3272 1151 3337 redeundi
1168 3274 1267 3337 otium

48 3430 55 3446 .
142 3377 295 3458 quoddam
325 3378 402 3444 mihi
432 3388 496 3443 erat
528 3386 557 3444 et
584 3381 721 3458 animus,
754 3379 882 3457 accidit,
915 3386 1009 3444 uteo
1034 3378 1151 3442 avidior
1174 3378 1266 3464 hujus

142 3481 237 3544 studii
261 3503 412 3567 quemque
435 3484 535 3549 locum
558 3487 590 3549 in
615 3507 706 3569 quem
729 3486 909 3571 inciderem,
934 3507 1087 3570 quamque
1109 3506 1268 3568 argumen-

142 3588 286 3651 tationem
314 3611 368 3673 per
394 3611 425 3652 se
449 3589 625 3672 diligentius
649 3596 679 3654 et
702 3591 872 3655 accuratius
896 3611 1091 3675 persequerer
1114 3597 1144 3652 et
1168 3589 1268 3675 perlu-

142 3701 276 3758 strarem.
319 3693 390 3774 Quo
413 3683 527 3758 factum
551 3704 613 3772 est,
638 3704 674 3760 ut
697 3697 808 3761 sensim
832 3697 870 3760 ad
894 3698 972 3760 harro
995 3694 1144 3759 Platonem
1169 3717 1268 3759 emen·

142 3798 235 3863 dandi
264 3800 411 3864 rationem
443 3801 647 3885 pervenerim,
678 3824 768 3887 quam
800 3803 843 3866 in·
863 3803 963 3887 primo
991 3801 1156 3885 specimine
1180 3810 1209 3865 et
1232 3802 1265 3866 in

138 3906 231 3990 ¹hujus
255 3906 454 3989 praefactonis
478 3907 600 3970 exordio
624 3907 759 3992 exposui.
784 3908 996 3991 -Gorgiam
1021 3906 1143 3970 tandem
1169 3907 1267 3970 solum
1327 3910 1330 3917 '

143 4010 233 4074 edens
254 4033 316 4074 non
332 4019 379 4074 sto
397 4013 565 4095 promissis,
583 4012 689 4078 fateor.
712 4013 894 4099 Receperam
912 4013 1035 4097 quidem
1052 4012 1153 4096 plures
1170 4034 1269 4076 emen·

144 4116 280 4181 dationes
310 4119 341 4182 in
372 4118 518 4197 Philebo,
543 4109 597 4184 ubi
623 4127 793 4204 opportune
816 4119 1066 4185 annotationibus
1090 4119 1183 4203 hujus
1209 4116 1269 4181 edi·

145 4223 237 4287 tionis
255 4225 345 4289 inseri
357 4234 513 4309 poterant,
530 4249 568 4290 ne
580 4235 681 4291 autem
695 4226 855 4312 pretiosior
870 4227 955 4291 fieret
970 4226 1043 4290 haee
1058 4225 1167 4300 editio,
1181 4223 1269 4287 omit·

145 4337 207 4393 tere
231 4353 279 4394 eas
302 4339 424 4395 coactus
448 4355 514 4396 sum
539 4338 569 4397 et
592 4349 741 4397 reservare
764 4354 855 4396 novae
879 4330 1000 4396 Philebi
1023 4330 1159 4394 editioni.
1202 4328 1268 4392 Deo
1359 4407 1362 4417 ,

144 4436 243 4519 igitur·
259 4435 379 4499 volente
403 4438 491 4501 etiam
516 4435 677 4502 Philebum
693 4445 793 4502 totum
810 4436 913 4502 eadem
928 4437 1034 4501 critica
1052 4435 1268 4521 perlustratum

146 4541 233 4606 edere
255 4540 331 4606 mihi
354 4542 386 4606 in
410 4544 510 4607 animo
534 4551 589 4609 est.
1068 4553 1079 4566 ⁸
