3038 5122
230 302 286 352 nv
589 258 997 349 rnonn‘oounna

275 491 309 572 2)
331 488 394 570 τερῖ
405 491 502 569 ῖατροῶ
513 487 644 569 αἱρέσεως
657 487 741 572 (haec
752 488 834 553 τειθῶ
847 489 922 574 est),
942 486 1004 577 τερῖ
1017 493 1122 568 τειχῶν
1132 487 1330 563 οἰκοδομήσεων
1341 537 1350 569 ,

230 594 292 677 περὶ
315 594 468 678 εἰσάνταν,
492 600 583 678 atque
606 594 619 657 o‘
645 595 731 675 ῥητωρ
755 616 872 679 semper
894 601 958 679 νικρῖ
980 595 1030 668 τῶν
1049 594 1297 672 γνώμην-456
1312 593 1350 670 A,

229 699 321 786 idque
344 702 418 791 τρδςγ
433 700 570 771 ἅπαντας
595 737 638 749 -
661 703 723 767 457
749 704 796 778 A;

273 806 439 871 cavendnm
469 798 570 869 'autem
597 807 703 887 ρ’θτορι,
728 828 766 869 ne
788 805 890 876 ῶδῖκιις
913 813 1021 885 χρῆται
1044 814 1081 885 τῇ
1103 807 1245 886 ῥητορικῇ,
1270 804 1351 887 quod

229 911 320 976 ctiam
347 912 380 976 in
406 931 476 976 suos
500 910 667 995 discipulos
690 911 793 976 cadere
815 910 991 994 imprudens
1013 910 1126 975 fatetur
1149 947 1193 958 --
1215 912 1277 974 457
1304 909 1350 985 Β,
1394 984 1397 991 ,

230 1016 473 1102 (interrumpitur
495 1016 659 1102 disputatio
683 1018 745 1081 457
772 1016 906 1080 (δα-459
931 1016 992 1098 Α);

187 1134 189 1136 ’
272 1123 401 1206 reliquas
434 1124 490 1206 (sie
518 1123 645 1206 Gorgias
669 1123 778 1207 pergit)
801 1145 848 1186 res
871 1122 947 1186 οὐδὲν
969 1121 1014 1186 δεῖ
1035 1120 1134 1186 εῖδὲναι
1159 1121 1207 1186 τδν
1231 1120 1350 1202 ῥήτορα,

227 1227 365 1308 μηχοθνην
388 1229 417 1293 δέ
438 1252 503 1292 τινα
526 1231 635 1299 πειθοῦς
659 1227 821 1307 εὑρηκέναι,
845 1227 945 1292 εἰδέναι
968 1238 1068 1291 autem
1092 1227 1136 1290 δεῖ
1152 1227 1182 1291 τι’
1200 1226 1310 1302 ῶναθδν
1322 1227 1352 1291 τί

228 1333 332 1416 κακῶν,
356 1334 387 1398 τῖ
404 1333 493 1398 καλὸν
515 1333 547 1398 τθ
567 1332 704 1414 αἰσχρῶν,
725 1333 756 1399 τί
775 1333 880 1398 δίκαιον
895 1334 925 1398 τι’
939 1332 1047 1411 θδικον,
1065 1341 1156 1418 atquc
1172 1333 1246 1397 haec
1261 1332 1351 1396 etiam

229 1439 294 1524 ejus
316 1437 483 1525 discipulos
506 1439 703 1518 μεμαθηκέναι
725 1438 771 1503 δεῖ
788 1473 833 1490 -
856 1443 920 1503 460
945 1441 982 1503 Α.

672 1634 839 1718 κει-ιον
864 1632 900 1696 Β.

208 1763 213 1776 “
271 1770 336 1842 Tic
360 1773 377 1846 η
399 1772 547 1851 ῶληθινη
568 1771 731 1853 ρἠτορικη
755 1770 834 1835 σίνε
855 1771 911 1844 τῖς
935 1772 948 1835 θ
970 1773 1014 1844 ῶς
1036 1771 1176 1847 ἀληθῶς
1198 1771 1306 1852 ῥητωρ

613 1877 779 1941 secundum
806 1876 965 1942 Socratem

272 2013 415 2100 Gorgiam
439 2023 589 2101 postrema
610 2014 666 2080 illa
688 2013 852 2100 discipulos
874 2014 1070 2091 μεμαθηκέναι
1093 2015 1150 2078 δεῖν
1171 2014 1221 2078 καῖ
1252 2014 1350 2079 εῖδὲναι
1441 2014 1444 2018 ⁴

226 2120 267 2186 τθι
289 2119 386 2186 δίκαια
407 2121 457 2186 καῖ
479 2122 520 2186 τοὶ
542 2120 629 2186 ῶδικα
654 2120 877 2205 imprudentem
900 2142 1057 2183 assensum
1079 2120 1214 2183 Socrates
1237 2119 1347 2183 obtun·

227 2224 273 2290 dit
296 2233 325 2295 et
348 2227 499 2291 convincit
521 2227 601 2308 λόγῳ
623 2226 836 2311 (syllogismo),
862 2248 923 2310 quo
946 2225 1075 2290 efficitur
1093 2225 1141 2290 τὸν
1157 2225 1350 2302 μεμαθηκότα

227 2332 268 2396 τῶ
298 2331 409 2396 δθκαια
425 2355 489 2397 esse
515 2333 560 2397 ῶεῖ
585 2332 709 2408 δίκαιον,
733 2332 776 2396 ita
798 2339 833 2396 ut
857 2353 942 2396 verus
964 2333 1051 2412 ῥήτωρ
1075 2354 1231 2415 nunquam
1254 2331 1350 2414 possit

226 2435 330 2509 ῶδίκῶς
352 2439 477 2518 χρῆσθαι
499 2448 536 2520 τῇ
558 2443 684 2520 ῥητορικῇ
707 2437 821 2521 (confer
840 2441 902 2502 457
920 2438 1057 2501 A-457
1076 2437 1121 2522 B).
1147 2436 1245 2500 Verus
1257 2437 1350 2520 igitur
1390 2505 1392 2511 ,

227 2543 314 2624 ρ’θτιορ
337 2544 411 2626 (sive
432 2567 532 2608 veram
554 2543 734 2608 rhetoricam
757 2544 911 2627 exercens)
935 2543 1105 2606 necessario
1129 2548 1175 2606 est
1197 2543 1348 2614 discuteret

226 2650 392 2724 ε’τιστήμονν
413 2657 468 2715 τῶν
491 2650 611 2715 δικαίων.
637 2649 715 2714 Vide
734 2651 796 2714 508
814 2647 854 2727 G,
873 2647 926 2712 ubi
941 2649 1030 2712 haec:
1047 2648 1095 2712 τδν
1110 2649 1258 2726 μέλλοντα
1269 2649 1349 2727 θρθῶς

226 2754 363 2836 ῥητορικὸν
392 2755 504 2821 ἔσεσθαι
535 2756 638 2821 δίκαιον
665 2757 708 2820 δεῖ
732 2752 802 2820 εἶναι
830 2756 880 2820 καῖ
903 2756 1082 2832 ἐπιστήμονα
1106 2762 1160 2819 τῶν
1183 2755 1310 2835 δικαίων,
1335 2752 1349 2817 ὃ

226 2861 349 2940 Γοργίας
372 2861 406 2926 δι’
429 2863 569 2942 αἰσχύνην
591 2861 887 2938 ὡμολόγησε-461
902 2861 937 2926 Β.
960 2861 1068 2954 Itaque
1081 2861 1210 2945 Gorgiae
1222 2861 1347 2941 ρἠτορικθρ

227 2962 322 3031 ῶδικον
343 2971 473 3048 τρῶγμα
495 2968 523 3032 ὃν
546 2968 635 3032 nihili
658 2974 719 3045 est,
745 2975 774 3032 ct
792 2967 825 3033 τὸ
841 2967 1009 3048 ζητούμενον
1024 2976 1069 3030 est
1084 2967 1145 3031 fere
1162 2966 1346 3029 contrarium

228 3072 302 3157 ejus
338 3071 394 3136 Est
417 3095 485 3137 vera
507 3074 657 3138 rhetorica
679 3095 729 3151 ea,
754 3095 844 3157 quam
868 3074 921 3156 qui
945 3079 1061 3136 exercet
1083 3094 1146 3136 non
1167 3094 1230 3136 esse
1245 3071 1348 3142 δίκαιος

227 3199 288 3241 nou
312 3185 429 3262 potest,
453 3201 552 3264 neque
574 3179 640 3263 ipse
661 3200 761 3262 neque
784 3179 809 3241 is
834 3201 923 3263 quem
947 3199 1012 3241 eam
1036 3177 1182 3242 docuerit.

672 3373 689 3457 d
712 3375 842 3438 3--478
866 3372 905 3437 D.

296 3509 373 3583 Τίς
397 3514 413 3586 η
436 3512 503 3575 τῶν
526 3483 894 3607 σοφιστῶνιρητορικθη
918 3509 1084 3574 secundum
1110 3503 1270 3575 Socratem.

297 3648 392 3713 Polus
415 3650 609 3735 interrumpit
632 3650 868 3735 disputationem
892 3650 1115 3736 reprehendens
1139 3651 1283 3734 Gorgiam

646 3759 708 3820 461
724 3755 867 3820 B-soa
894 3756 927 3821 B.

272 3893 408 3957 Socrates
432 3893 563 3977 primum
587 3892 676 3956 docet
699 3893 861 3978 Gorgiam,
882 3896 926 3966 τίς
947 3899 1034 3972 ἡτῶν
1053 3880 1196 3977 σοφιστῶν
1209 3895 1352 3976 ῥητορικὴ,

228 3999 337 4064 deinde
360 3999 473 4063 refutat
496 3998 564 4061 Poli
591 3999 733 4082 argutias.
924 3994 926 3998 ’

228 4105 322 4178 Acir
345 4108 362 4180 ἡ
385 4111 440 4169 τῶν
463 4109 607 4185 σοφιστῶν
630 4106 764 4185 ῥητορική.
788 4141 831 4155 -
855 4108 918 4168 465
943 4105 978 4168 Ε.

228 4211 292 4291 ῶρτι
323 4211 355 4274 ἐκ
386 4215 436 4274 τοῦ
456 4210 548 4287 λόγον
571 4208 633 4290 περὶ
657 4218 710 4281 τῶς
733 4214 874 4291 ῥητορικῆς
896 4211 971 4275 οὐδὲν
993 4211 1166 4288 καταφανὲς
1191 4211 1303 4286 ἐγένετο
1326 4211 1357 4274 τι’

228 4339 299 4381 τοτε
328 4316 450 4396 Γοργίας
483 4317 600 4392 ἡγεῖται
623 4353 667 4364 —·
690 4307 762 4378 463'
786 4316 831 4379 A:
862 4317 926 4400 ejus
951 4316 1131 4392 ἐπιτήδευμα
1152 4319 1182 4380 οὐ
1205 4316 1353 4395 τεχνικῶν,

229 4421 394 4495 secundnm
430 4411 600 4485 Socratem.
617 4428 663 4483 est
693 4421 829 4499 ε’μτειρθα
858 4445 902 4492 τις
932 4420 1053 4501 χῶριτθς
1083 4446 1155 4493 τινος
1182 4420 1231 4484 καὶ
1257 4421 1354 4495 ἡδονῆς

228 4527 413 4608 ῶτερνασθας
437 4565 480 4577 -
503 4529 566 4590 463
587 4526 629 4590 B:
653 4526 700 4590 ἕσῖ
725 4526 798 4591 δυεῖν
821 4531 1008 4607 τρανμοθτοιν
