3038 5122
686 305 940 372 GORGIAS.

1332 284 1462 373 35'

246 506 293 569 ἐπὶ
324 509 434 572 τοιαῦτ’
463 507 646 586 ἑρωτθμοιποι.
679 509 740 572 ε’πελ
772 510 826 574 τίν’
852 508 899 574 οίει
922 510 1138 588 σίποιρνθσεσθαι
1165 513 1207 587 μη
1231 510 1297 588 οὐχὶ
1321 509 1370 574 κοιλ
1398 557 1400 561 -

245 613 331 675 αὐτὸν
350 612 522 677 ε’πίστοισθοιι
540 613 581 677 σοὶ
601 605 698 678 δίκαίοι
716 615 765 680 κοιλ
784 613 895 686 σίλλους
915 614 1056 690 διδιίξεινς
1075 617 1145 679 ἀλλ’
1158 618 1198 686 εἰς
1210 615 1371 694 τθιποιωῑιτ’

245 714 328 792 θιγειν
348 720 442 792 τολλλ
460 718 592 796 σίγροιιιία
612 719 672 783 ἐστὶ
694 714 885 797 τοθςιλθγους.
903 759 947 768 -
963 731 1033 785 ΣΩ.
1048 716 1100 784 ’Ὦ
1112 721 1254 785 κοθλλιστε
1268 725 1368 796 Πῶλε,

245 821 327 886 θλλοθ
348 847 389 898 τοι
412 822 574 897 ἐξεπίτηδες
598 824 719 900 κτώμεθ
743 825 867 903 ἑταίρους
890 827 939 890 κοιλ
965 829 1049 898 υἱεῖς,
1072 823 1136 906 tc,
1157 826 1273 889 ε’πειδθιν
1289 825 1368 890 αὐτοὶ

245 928 431 1007 πρεσβύτεροι
451 929 594 1003 γενόμενοι
615 933 837 1012 σφαλλώμεθοι,
859 931 998 1010 παρόντες
1011 933 1092 1006 ὑμεῖς
1105 932 1129 994 οἱ
1146 931 1268 1008 νεώτεροι
1280 933 1368 1017 ἐποιν-

244 1035 332 1112 ορθιῖιθ
362 1035 439 1111 ἡμῶν
466 1034 514 1096 τὸν
542 1034 604 1109 βίον
630 1036 680 1098 κοιλ
707 1037 735 1100 ε’ν
766 1036 856 1118 ἔργοις
885 1038 933 1100 κοιλ
965 1038 992 1099 ἕν
1016 1020 1123 1113 λθγοις.
1149 1036 1199 1099 κοιλ
1223 1041 1270 1100 νῦν
1293 1034 1319 1100 εί
1340 1061 1368 1100 τι
1437 1077 1443 1089 »

207 1136 300 1216 Dec
321 1139 369 1203 κοιλ
391 1141 513 1218 Γοργίας
536 1141 564 1203 ἕν
587 1147 643 1212 τοῖς
666 1140 761 1218 λθγοις
785 1142 1002 1221 σφαλλόμεθα,
1026 1142 1062 1205 σὺ
1086 1143 1181 1219 πωρλιν
1207 1141 1367 1236 ε’ποινθρθου.

241 1245 343 1316 δίκαιος
372 1245 396 1308 δ’
419 1241 452 1309 εἷ.
482 1247 565 1322 κοθγθο
596 1246 689 1310 ε’θίλω
710 1251 765 1311 τῶν
794 1246 1022 1323 ὡμολογημένων
1055 1246 1081 1310 εί
1109 1248 1139 1310 τί
1163 1269 1205 1310 σοι
1229 1247 1305 1310 δοκεῖ
1325 1247 1367 1322 μθ

240 1357 336 1422 καλῶς
371 1343 572 1426 ὦμολογησθοιι
610 1353 761 1416 οθνοιθέσθνιι
794 1350 812 1416 θ
838 1377 881 1416 τι·
898 1351 944 1416 θεν,
965 1353 1001 1415 σὺ
1031 1352 1143 1431 βοθλη,
1177 1353 1227 1415 εὀίν
1257 1375 1304 1427 μοι
1338 1348 1367 1414 ἓν

198 1516 199 1521 ,
238 1457 322 1533 μόνον
344 1454 506 1536 Φυλοίττης.
530 1491 574 1504 -
596 1461 699 1522 nnn.
721 1459 762 1521 Τί
783 1463 865 1522 τοῦτο
892 1458 1005 1534 λέγειςς
1032 1494 1076 1506 -
1095 1467 1165 1522 ΣΩ.
1184 1459 1245 1530 Tur
1261 1481 1367 1536 μακρρ·
1438 1482 1448 1500 ε

238 1562 356 1638 λογίαν,
379 1557 399 1625 ὦ
422 1568 523 1635 Πθλε,
545 1562 577 1636 ἢν
596 1561 760 1642 καθείρὲης,
779 1560 841 1643 ᾗτθ
852 1568 958 1641 πρῶτον
971 1562 1163 1642 ἐπεχείρησας
1175 1564 1307 1642 χρῆσθαι.
1321 1601 1364 1611 -

239 1676 343 1732 ΠΩΛ.
373 1666 414 1730 Τί
443 1667 507 1742 δαίς
539 1668 589 1730 οὐκ
618 1666 733 1743 ἐξέσται
766 1691 813 1744 μοι
841 1666 938 1743 λέγειν
961 1668 1040 1730 θπθσ’
1064 1665 1099 1730 θον
1122 1666 1295 1744 &ottonum
1321 1706 1364 1717 -

205 1771 311 1836 ΕΣΩ.
344 1773 432 1836 Δεινολ
462 1771 572 1846 μεντθιν
599 1771 713 1847 πείθεις,
738 1769 758 1836 ὦ
780 1770 937 1848 βέλτιστε,
963 1775 986 1836 εἷ
1009 1771 1143 1851 Ἀθθνοιζ
1166 1772 1360 1854 ἀφικόμενος,

239 1873 270 1940 οὗ
290 1885 345 1951 τῆς,
366 1875 506 1948 Ἑλλοίδος
529 1878 653 1951 πλείστη
676 1878 753 1941 ἐστὶν
776 1877 890 1953 ἐξουσία
913 1884 962 1940 τοῦ
986 1878 1099 1952 λέγειν,
1128 1878 1233 1941 ἔπειτα
1259 1878 1295 1941 σὺ
1321 1881 1363 1941 ε’ν-

239 1984 333 2045 τνιθθα
362 1983 462 2046 τοθσου
492 1983 575 2057 μόνος
606 1984 782 2062 οίτυχθσοιις.
812 1984 873 2046 οὶλλ
897 1984 1006 2052 θντίθες
1034 2006 1093 2056 τοι,
1122 1988 1172 2046 σοῦ
1195 1983 1295 2059 μικροὶ
1318 1984 1365 2046 λε’-
1430 2048 1431 2051 ,

239 2087 338 2161 γοντος
367 2087 416 2150 κοιλ
446 2090 488 2164 μθ
519 2088 658 2160 ἐθέλοντος
689 2090 721 2152 τὸ
750 2087 923 2166 ἐρωτώμενον
946 2088 1161 2168 ἀποκρίνεσθαι,
1190 2090 1221 2150 οθ
1234 2088 1307 2165 δείν’
1330 2087 1367 2152 θεν
1391 2137 1393 2140 ,
1442 2141 1444 2146 ,

165 2202 231 2267 462
241 2189 279 2257 οιθ
308 2193 364 2269 ἐγὼ
395 2192 529 2274 πθθοιμι,
561 2196 584 2258 εί
607 2194 648 2270 μη
672 2194 786 2269 ἐξέσται
809 2217 857 2269 μοι
880 2192 994 2256 οὶπιὲνοιι
1019 2193 1067 2256 κοιλ
1093 2194 1133 2267 μη
1157 2193 1269 2256 οὶκοθειν
1292 2218 1361 2270 σου;

240 2302 310 2362 ἀλλ’
331 2298 358 2362 εί
378 2323 405 2362 τι
421 2299 503 2382 ,κήδει
525 2305 575 2362 ποθ
596 2299 685 2374 λόγου
707 2306 757 2364 τοῦ
776 2299 917 2379 εἰρημένου
937 2300 985 2363 κοιλ
1007 2298 1252 2376 ε’πνινορθθσοοσθοιι
1274 2301 1362 2362 αὐτὸν

202 2404 354 2481 μβοθλει,
388 2403 480 2481 ὤσπερ
511 2409 558 2468 νῦν
591 2405 622 2477 δη
653 2403 752 2479 ἔλεγον
785 2405 957 2479 ἀναθέμενος
990 2402 1007 2468 θ
1035 2405 1065 2467 τί
1087 2427 1128 2468 σοι
1153 2390 1245 2484 δοκεῖ,
1270 2406 1298 2467 ἕν
1323 2407 1362 2484 τῷ

179 2606 184 2614 ‘
236 2603 321 2655 didum
354 2604 526 2654 auctoritatem
560 2605 701 2655 mnluerunt
735 2623 775 2656 se-

235 2672 279 2735 qui
302 2671 401 2721 edentes
423 2676 523 2735 ἀγαγὼν,Ι
547 2670 624 2736 idque
645 2687 773 2734 argumen-

235 2738 268 2785 tis
297 2738 380 2786 neseio
409 2739 500 2801 quibus
517 2737 691 2787 defendentes.
723 2739 773 2786 Pro

235 2804 347 2868 proxime
376 2809 440 2866 οθγειν
469 2802 553 2852 nuilus
587 2804 664 2852 codex
699 2805 784 2852 habet·

235 2875 334 2933 ἀγαγεῖν.
367 2871 456 2932 Itaque
473 2869 605 2918 ediderunt
621 2875 693 2933 ἄγειν,
724 2870 772 2918 Sed

235 2938 366 2999 utriusque
395 2940 434 2994 et⁵
448 2935 574 3001 participii
604 2942 628 2984 ct
653 2936 772 2984 infinitivi

235 3002 301 3050 idem
318 3008 417 3066 tempus
434 3001 530 3062 flagitet
546 3002 631 3050 eudem
643 3001 772 3050 sententia.

235 3067 268 3116 In
285 3067 405 3132 proximis
419 3084 465 3132 pro
481 3070 634 3136 πρεσβύτεροι
652 3075 773 3131 γιγνόμενοι

235 3133 293 3182 dedi
309 3140 491 3200 πρ.“γενόμειοι.·
509 3136 554 3182 Vei
571 3134 641 3197 pueri
654 3135 704 3182 dmi
715 3150 772 3197 pos·

235 3204 295 3248 sunt
305 3202 459 3268 πρεσβὺτεροι
468 3204 592 3263 γίγνεσθαι,
610 3216 679 3249 senes
690 3207 772 3248 antem

235 3265 336 3314 demum
356 3274 415 3314 sunt
434 3269 478 3329 qui
497 3269 648 3336 πρεσβύτεροι
668 3271 771 3327 έγένσντο.

236 3332 277 3380 Sic
294 3331 320 3379 in
337 3331 391 3395 Bep
417 3333 463 3379 613
481 3333 503 3381 E
521 3333 596 3381 etium
613 3341 655 3383 νέοι
672 3334 772 3389 θντες-

235 3405 337 3466 γέροντες
353 3403 478 3462 γενόμενοι,
495 3382 546 3447 ὧιι
556 3405 683 3462 γιγνόμενοι.
707 3399 772 3447 'Pun-

236 3467 291 3513 dem
306 3479 391 3512 omnes
401 3465 522 3512 debebant
530 3465 698 3528 obtemperare
707 3469 772 3516 έπαι·

235 3528 315 3597 ορθῶθ
330 3545 378 3595 pro
395 3529 534 3596 έπανσρθοὶθ
549 3531 741 3591 corrigentibus:

267 3597 292 3645 D
308 3624 342 3634 -
359 3598 441 3653 δίκαιος
458 3598 476 3645 δ’
489 3598 511 3646 εἴ
528 3603 589 3659 κάγὼ
603 3601 669 3647 έθέλω
680 3623 709 3632 -
719 3602 771 3648 ἀνα-

235 3665 324 3725 θέσθαι]
365 3663 417 3710 Alii
445 3664 592 3727 port-iculum
619 3664 643 3712 δὲ
669 3663 696 3710 in
720 3663 771 3710 illis

235 3730 317 3786 δέκαιος
334 3727 353 3778 δ’
364 3730 385 3779 εἶ
400 3729 507 3778 orationi
523 3729 669 3791 gravitatem
684 3728 773 3777 addere

236 3796 403 3852 contendunt,
425 3795 469 3844 alii
490 3795 564 3843 alium
582 3794 730 3859 particulam
746 3795 772 3842 in

236 3861 289 3925 ejus
306 3861 389 3909 locum
401 3866 543 3927 expectasse
553 3876 579 3908 se
589 3859 707 3908 fatentur.
726 3859 772 3908 Vc·

192 3986 195 3992 Ι
236 3942 291 3974 rum
302 3927 351 3975 hoc
362 3927 462 3976 demum
474 3933 511 3976 est
521 3926 678 3975 hallucinari.
696 3925 772 3974 Grae·

237 4007 279 4040 ose
300 3992 398 4056 linguae
419 3994 513 4043 idioma
533 4009 591 4041 succ
606 3992 704 4056 linguae
721 3992 772 4041 dic·

192 4071 193 4074 ’
237 4057 301 4105 tioni
316 4059 413 4121 vulgari
428 4059 576 4124 respondere
592 4065 705 4122 cogentes
719 4062 774 4106 toto

237 4123 305 4172 coelo
321 4140 336 4171 e
352 4140 411 4172 sena
426 4127 585 4188 grammatica
598 4125 693 4175 ratione
704 4125 772 4173 aber-

237 4194 302 4237 rant.
319 4189 390 4238 Tulin
405 4192 437 4239 ad
453 4191 556 4241 verbum
572 4192 635 4239 verti
651 4195 702 4239 non
716 4205 773 4255 pos·

239 4259 310 4303 sunt:
336 4255 416 4304 nihilo
438 4261 521 4305 tamen
541 4257 624 4312 minus
646 4257 708 4320 quid
725 4256 773 4304 sihi

237 4320 316 4369 velint
340 4322 407 4370 locos
432 4323 586 4387 comparenti
608 4323 697 4386 cuique
721 4339 772 4370 me·

238 4387 329 4436 nifesto
346 4393 457 4453 apparet.
482 4388 573 4437 Confer
590 4404 627 4438 ex.
642 4405 678 4452 gr.
695 4389 772 4436 Lech.

240 4454 286 4502 180
303 4454 328 4502 D
345 4451 393 4504 ἀλλ’
409 4459 433 4506 εἴ
445 4473 469 4505 τι
485 4459 522 4506 καὶ
539 4457 578 4518 σὺ,
599 4456 675 4505 ὦπαῖ
686 4466 772 4521 Σωρρ,

237 4524 297 4586 ἔχεις
313 4523 371 4588 τῷδε
386 4533 420 4587 τῷ
437 4527 519 4572 σαυτοῦ
531 4523 618 4587 δημότῃ
626 4526 709 4584 ἀγαθὸν
717 4543 773 4574 συιι·

236 4592 371 4652 βουλεῦσαι,
390 4595 436 4657 χρὴ
453 4590 616 4654 συμβουλεύειν.
628 4589 710 4644 δίκαιος
720 4588 773 4638 δἐἰ.

824 2607 891 2656 Orat.
915 2609 961 2655 428
986 2607 1009 2654 A
1028 2611 1047 2657 εθ
1065 2607 1099 2658 οὖν
1116 2611 1152 2657 καὶ
1168 2615 1264 2676 ’σμικρόν
1279 2628 1301 2658 τι
1319 2609 1363 2667 οἷός

822 2671 843 2723 τ’
862 2675 883 2723 εἶ
904 2677 968 2724 πλέον
988 2683 1095 2736 ποιῆσαι,
1113 2682 1146 2734 μὴ
1162 2680 1295 2737 ἀπόκαμνε,
1314 2674 1363 2726 ἀλλ’

823 2743 933 2807 εὐεργέτει
951 2745 987 2790 κοιλ
1005 2745 1113 2806 Σωκράτη
1129 2741 1206 2802 τόνδε,
1220 2741 1302 2796 δίκαιος
1315 2740 1333 2789 δ’
1342 2742 1368 2792 εἴ

823 2811 888 2868 κάμέ.
905 2806 1022 2853 Dubitari
1033 2821 1083 2854 non
1093 2810 1183 2869 potest}
1193 2809 1254 2868 quin
1264 2813 1360 2855 utrum·
1427 2842 1430 2847 -

821 2886 870 2932 que
885 2877 910 2918 et
927 2874 965 2922 καὶ
981 2869 1089 2940 Σωκράτη
1106 2874 1131 2918 et
1145 2877 1205 2933 κάμέ
1215 2872 1246 2919 ad
1258 2873 1360 2920 verbum

820 2938 932 3004 ιθεργέτιι
956 2938 1111 2984 referendum
1134 2937 1175 2983 sit.
1204 2937 1294 2999 Itaque
1310 2937 1360 2986 for-

820 3015 888 3050 mum
906 3005 988 3059 δίκαιος
1004 3000 1053 3053 δἐἶ
1071 3002 1203 3066 seperatim
1217 3003 1361 3066 accipiendo

820 3075 871 3119 est.
893 3075 918 3116 et
936 3071 971 3116 sic
988 3068 1038 3116 fere
1055 3066 1184 3116 vertenda:
1208 3069 1274 3129 quod
1292 3071 1360 3117 decet

823 3133 919 3195 tibique
944 3134 1056 3182 conuenit
1077 3136 1185 3196 fucere:
1210 3135 1254 3197 qui
1274 3150 1360 3182 sensus

821 3200 896 3248 etium
907 3201 1064 3266 superiorum
1074 3199 1243 3263 exemplorum
1252 3200 1360 3263 reliquae

823 3267 958 3314 sententiae
966 3267 1059 3330 optime
1068 3265 1189 3325 congruit.
1206 3265 1291 3324 Quare
1299 3267 1360 3315 haec

820 3330 940 3389 formula,
965 3331 1175 3395 quemadmodum
1198 3331 1222 3381 εὖ
1246 3335 1291 3382 ἴσθ’
1307 3337 1359 3392 ότι,

821 3398 884 3454 δῆλον
900 3402 952 3455 ότι,
969 3413 1040 3462 saepe
1056 3398 1081 3445 in
1091 3397 1233 3461 parenthesi
1244 3407 1304 3447 sunt
1315 3415 1359 3464 po·

814 3463 928 3522 nendos,
954 3468 982 3512 ut
1005 3463 1115 3511 diximus
1141 3463 1173 3510 ad
1199 3465 1245 3511 453
1273 3467 1303 3521 B,
1327 3467 1358 3514 ed

820 3531 926 3578 eundem
942 3530 1045 3578 modum
1062 3534 1183 3593 ponatur,
1198 3530 1246 3578 sic:
1260 3559 1290 3566 -
1303 3538 1358 3583 έπα·

820 3601 910 3662 νόρθου,
930 3598 1011 3653 δίκαιος
1023 3593 1041 3644 δ’
1049 3596 1075 3646 εἶ,
1090 3621 1124 3633 -
1135 3601 1181 3662 χρὴ
1189 3600 1357 3661 συμβουλεύειν,

820 3664 902 3719 δίκαιος
925 3665 943 3711 δ’
960 3663 988 3712 ιε’.
1006 3691 1036 3698 -
1054 3666 1091 3712 καὶ
1112 3668 1218 3730 Σωκράτη
1235 3664 1308 3726 τόνδε,
1328 3665 1359 3712 δέ·

821 3748 881 3785 καιος
897 3730 916 3777 δ’
927 3728 950 3778 εί
957 3765 963 3783 ι
972 3735 1039 3778 κάμέ.
1056 3729 1174 3776 Proxima
1182 3735 1243 3791 κάγὼ
1251 3734 1319 3780 ἐθέλοι
1329 3758 1360 3766 ·-

820 3800 941 3846 ἀναθέσθαι
956 3795 1070 3842 imitatus
1086 3793 1185 3840 videtur
1197 3800 1284 3842 nuotor
1294 3797 1359 3860 hip-

820 3862 907 3924 parchi
931 3863 958 3910 in
981 3863 1027 3908 229
1047 3860 1068 3907 E
1087 3859 1153 3908 ’λλλὰ
1169 3866 1213 3922 μὴν
1229 3865 1266 3911 καὶ
1282 3866 1360 3929 ὥσπερ

821 3929 933 3978 πιστεύων
953 3930 1020 3976 ἐθέλω
1043 3927 1076 3976 σοι
1092 3931 1114 3975 έν
1130 3935 1176 3980 τοῖς
1193 3931 1264 3989 λόγοις
1280 3934 1359 3978 ἀναθέ·

822 3997 874 4042 σθαι
896 3997 909 4042 θ
931 4013 952 4042 τι
973 3995 1048 4056 βούλει
1065 4002 1109 4041 τῶν
1125 3995 1258 4058 εἰρημένων,
1275 3997 1310 4043 ἵνα
1326 4003 1359 4056 μὴ

822 4062 856 4126 εἴη
873 4063 1032 4116 ἐξαπατᾶσθαι
1058 4073 1121 4120 qune
1132 4062 1278 4106 confirmant
1290 4063 1358 4127 codi-

822 4141 877 4171 cum
907 4125 1037 4172 leetionem
1066 4124 1093 4170 in
1122 4123 1214 4184 Gorgia
1239 4131 1300 4186 κάγώ
1326 4146 1360 4176 σοι
1407 4130 1409 4132 ’

822 4193 901 4246 έθέλω,
924 4196 948 4237 et
971 4189 1037 4237 unde
1053 4195 1154 4253 apparet
1171 4205 1184 4236 a
1202 4207 1251 4252 qua
1268 4206 1294 4238 re
1312 4192 1359 4239 hoc

821 4261 963 4307 ἀνατεθέσθαι
971 4256 1120 4304 translatum
1130 4256 1170 4302 sit.
1182 4256 1269 4304 Oritici
1278 4272 1292 4304 a
1300 4258 1358 4305 scri·

822 4323 860 4368 bis
874 4324 901 4370 in
909 4338 1016 4370 errorem
1024 4321 1122 4369 inducti
1131 4322 1174 4370 illa
1183 4327 1244 4384 κάγὼ
1252 4327 1318 4372 έθέλω
1331 4352 1357 4360 -

821 4393 941 4439 ἀναθέσθαι
958 4391 1006 4438 θτι
1023 4394 1049 4438 ἀν
1060 4393 1085 4438 σὺ
1097 4390 1166 4457 Ιθοιίλη
1177 4405 1222 4452 pro
1234 4390 1358 4454 corrupt-is

821 4454 921 4503 hebent.
954 4457 1002 4503 ded
1025 4457 1119 4504 frustm
1136 4471 1164 4502 eu
1180 4454 1300 4514 corrigere
1318 4472 1358 4504 co·

822 4526 928 4575 nuntur.
946 4521 984 4569 uti
1000 4535 1058 4568 mox
1075 4523 1107 4570 ad
1124 4523 1169 4568 462
1182 4520 1359 4570 Avidebimus.

856 4587 902 4636 462
914 4586 938 4634 A
949 4590 1082 4651 ἀναθέμενος
1092 4593 1104 4638 ό
1115 4591 1137 4637 τέ
1149 4606 1182 4638 σεε
1194 4589 1264 4651 δοκεῖ]
1287 4587 1359 4649 Quae
