3038 5122
169 315 237 370 um
530 300 934 371 Pssoouoouuul.

169 509 222 576 sed
244 509 259 575 ύ
279 511 316 581 οῖς
339 511 451 586 οῖληύοῖς
473 509 541 589 ἀνὴρ
563 514 650 576 τούτο
669 518 775 577 σκοπεῖ
790 531 826 575 uo
845 508 1118 591 ποὶροισιυυιίζετοω,
1136 513 1173 582 οῖς
1188 507 1295 590 ἄριστοι

168 613 219 698 ζῆν
234 653 278 665 -
296 618 370 682 513.
394 614 426 679 si
445 615 514 700 quis
529 615 625 700 igitur
637 615 711 680 velit
722 616 850 680 Athenis
862 616 947 694 μέγα
957 616 1111 693 δυνάμενος
1122 618 1158 687 cic
1170 616 1294 693 ύλίγιστ’

167 720 324 787 οῖδικεῖσύοω
346 729 377 786 et
398 724 436 795 ιδς
457 724 574 786 πλεῖστ’
595 722 718 799 οῖδικεῖν,
749 722 774 786 is
797 724 837 802 τῷ
860 723 1015 798 Ἀύηνοοίων
1037 723 1117 803 δήμω
1139 724 1177 793 οῖς
1200 722 1293 799 ὅμοιό-

167 848 255 899 τοοτος
278 827 428 892 exstilerit
449 849 570 893 neccsse
593 836 654 892 cst:
678 827 732 912 qui
754 827 920 905 ύμοιίτοοτος
935 829 981 905 ei,
996 829 1022 892 is
1039 829 1160 895 demum
1176 829 1292 906 χνύσιόν

167 957 196 998 τι
218 933 257 1005 εῖς
279 933 383 1014 Φιλίοον
405 940 464 1006 τοῖς
491 935 646 1008 Ἀύηνοοίοις
669 941 770 1019 potest
792 932 1026 1018 οῖπερχύζεσύοω,
1050 936 1076 999 is
1100 937 1244 1006 πολιτικὸς
1262 941 1293 998 el

166 1039 315 1120 ρητορικύς·
345 1041 386 1120 τῷ
415 1039 510 1105 ωὑτοῖν
541 1040 600 1122 χοδρ
623 1041 680 1116 lle
702 1040 865 1120 λεγομένων
889 1047 944 1106 τοῖν
966 1039 1061 1118 λύγων
1083 1039 1197 1107 ἕκοεστοι
1220 1040 1294 1120 χοεῖ-

167 1167 275 1226 ρουσιν,
309 1147 351 1227 τρῖ
380 1145 548 1228 δὀῖλλοτρίορ
578 1144 736 1228 ύχύοντοιιι
768 1166 872 1211 verum
894 1147 1063 1212 secundom
1087 1146 1133 1210 his
1158 1147 1293 1231 proxime

167 1249 345 1336 praemissu,
377 1249 452 1328 οούτη
476 1249 620 1332 ηοεῖρεσις
643 1253 754 1328 τωύτης
776 1262 830 1328 τῖς
848 1254 998 1330 δυνάμεως
1020 1262 1074 1329 τῆς
1097 1254 1126 1318 ε’ν
1148 1263 1185 1333 τῇ
1210 1251 1292 1317 πίλει

165 1357 219 1423 σύν
241 1363 299 1430 τοῖς
322 1358 477 1440 φιλτάτοις
500 1358 601 1425 lcum:
624 1357 764 1425 Callicles
787 1359 893 1424 leudet
915 1359 1006 1437 haec,
1022 1367 1157 1424 etlumen
1173 1357 1299 1425 Socrati

167 1462 312 1529 πείύεσύου
334 1485 367 1528 sc
389 1486 450 1529 non
474 1486 562 1550 posse
584 1465 694 1529 eil-
716 1467 780 1530 513
804 1464 837 1530 C.
874 1465 1011 1530 Socrates
1034 1465 1129 1548 igilur
1152 1473 1292 1548 repetens

166 1576 378 1654 argumentum
393 1591 429 1633 cx
446 1573 527 1647 463,
548 1571 626 1647 464,
641 1573 815 1635 500-508
828 1570 867 1635 cl.
880 1570 1046 1635 secuudum
1057 1570 1183 1634 elterem
1197 1593 1292 1651 πωροι·

166 1675 269 1749 σκευῖρν
290 1676 342 1750 τὴν
364 1675 432 1756 πρδς
454 1675 488 1741 τδ
509 1674 665 1752 βέλτιστον
687 1673 774 1748 ούτως
798 1674 992 1757 ἐπιχειρητέον
1011 1675 1087 1739 dicit
1100 1685 1138 1757 τῇ
1153 1675 1236 1740 πόλει
1249 1711 1293 1725 -

167 1787 237 1844 anco
267 1801 371 1845 omnes
400 1780 534 1866 reliques
562 1782 729 1861 εύεργεσίος
756 1783 893 1866 (πλοῦτον
914 1782 1008 1863 ἀρχὴν
1030 1780 1165 1863 δύνομιν)
1190 1818 1232 1830 -
1255 1782 1318 1853 οῖς

165 1883 338 1964 βελτίστους
362 1886 467 1958 οούτοὺς
489 1886 554 1958 τοὺς
577 1889 701 1959 πολίτοος
721 1894 858 1952 ποιοῦντος
873 1887 893 1953 i.
905 1909 933 1951 e.
945 1888 998 1962 τὴν
1008 1885 1131 1952 διύνοιοεν
1143 1889 1237 1953 οούτοῖν
1249 1890 1293 1936 -’-

168 1993 232 2056 515
262 1992 307 2055 A:
339 1991 594 2077 quemadmodum
624 1993 720 2078 igitur
748 1992 837 2059 eliam
869 1991 1031 2077 quemdem
1059 2001 1153 2056 artem
1177 2015 1221 2057 ex.
1245 2015 1290 2076 gr.

166 2098 218 2174 τίν
238 2097 426 2176 οἰκοδομικὴν,
449 2098 501 2172 τῖρν
523 2099 649 2177 ῖοιτρικῖην
672 2097 794 2183 publice
814 2098 986 2183 professore
1002 2098 1133 2184 primum
1150 2098 1291 2181 privatim

166 2209 315 2268 unumst
337 2202 466 2268 ultorum
489 2203 562 2268 uitis
585 2224 657 2269 suec
680 2203 832 2288 specimen
855 2203 1023 2280 edendum,
1048 2204 1091 2267 sie
1113 2204 1204 2267 etiem
1220 2205 1234 2268 ὃ
1249 2204 1291 2267 τίς

165 2317 220 2384 τῆς
248 2310 359 2382 πόλεως
388 2306 504 2389 προίξων
534 2314 591 2374 τῶν
622 2315 746 2375 πολιτῶν
772 2334 839 2376 τινος
862 2309 973 2387 βελτίω
996 2311 1179 2384 πεποιηκένοιι
1200 2307 1292 2372 debet

166 2413 312 2481 ἰδιωτεύων
337 2412 379 2479 ἔτι
403 2413 467 2496 πρίν
491 2414 666 2492 δημοσιεύειν
685 2418 850 2497 ἐπιχειρεῖν.
875 2438 946 2481 nem
969 2436 1038 2480 vero
1061 2415 1185 2500 politico
1208 2419 1291 2481 τοῦτο
1372 2463 1376 2474 ,

166 2519 371 2605 ἐπιμελητέον,
394 2519 470 2592 ὅπως
492 2518 535 2586 ύπι
558 2519 706 2597 βέλτιστοι
729 2523 754 2587 οῖ
776 2529 895 2588 πολῖτοω
918 2519 983 2588 ὦσιν
1005 2559 1050 2570 --
1066 2523 1128 2586 515
1145 2520 1179 2585 (λ
1206 2519 1290 2598 Jom,

166 2625 193 2690 si
222 2624 296 2690 haec
326 2647 412 2706 vero,
443 2634 567 2711 apparet
598 2626 743 2693 Periclem
773 2625 930 2693 Cimonem
952 2628 989 2693 el.
1013 2649 1075 2691 non
1097 2626 1225 2702 οῖγοιύοὺς
1249 2627 1290 2690 τοὶ

165 2732 302 2798 πολιτικοὶ
324 2732 434 2818 fuisse,
458 2755 557 2820 neque
580 2732 676 2798 bonos
698 2735 832 2816 ῥήτορος,
858 2757 927 2799 nam
951 2732 1162 2810 πολιτευόμενοι
1177 2733 1290 2813 χείρους

165 2836 362 2903 reddiderunt
393 2837 557 2936 Ἀύηνοίους
591 2847 621 2905 et
654 2841 841 2922 ἀγριωτέρους
872 2841 962 2905 etiem
992 2841 1032 2913 είς
1063 2840 1184 2911 οούτοὺς,
1219 2859 1289 2902 nom

165 2945 302 3026 ούσχροδνἱ
314 2943 391 3021 δίκην
415 2947 508 3010 οούτῖιν
531 2946 774 3029 κατεψηφίσαντο
797 2948 820 3011 οἱ
840 2948 997 3022 Ἀύηνοοῖοιι
1015 2968 1113 3030 neque
1129 2945 1223 3029 igilur
1239 2943 1288 3020 hi,

165 3050 192 3115 δί
214 3050 323 3132 ῥύτορες
345 3047 435 3134 ἦσαν,
459 3060 497 3133 τῇ
519 3052 636 3135 οῖληύινῇ
657 3057 783 3134 ρἠτορικηῖ
807 3052 948 3132 ἕχρωντο,
967 3054 998 3117 ού
1016 3052 1075 3131 yolo
1091 3049 1288 3126 διεξέπεσον,

165 3179 263 3242 neque
284 3166 322 3239 τῇ
343 3168 499 3240 κολουκικῇε
524 3159 674 3223 neminem
697 3159 792 3243 igilur
814 3158 943 3242 Athenis
962 3157 1073 3234 οῖγοούδν
1090 3158 1131 3223 τοὶ
1152 3145 1290 3222 πολιύικὲε

165 3261 276 3339 fuisse,
309 3262 400 3327 sicuti
427 3263 490 3347 jem
516 3263 548 3328 in
580 3267 644 3328 503
667 3264 694 3327 Β
716 3265 749 3329 in
773 3266 791 3350 5
815 3268 834 3327 2
858 3263 950 3349 hujus
973 3263 1101 3348 cepitis,
1126 3263 1216 3326 eliam
1240 3261 1289 3325 hic

165 3366 388 3438 contendit-
412 3370 473 3434 517
498 3370 536 3435 Δ.
566 3367 706 3435 Callicles
729 3369 864 3458 nondum
885 3376 966 3434 recle
980 3369 1151 3452 intelligere
1168 3367 1289 3431 videtur

165 3495 243 3558 quae
265 3472 402 3538 Socrates
425 3481 456 3539 et
477 3496 558 3538 nuno
580 3481 611 3539 et
634 3476 666 3539 in
690 3478 864 3539 500-509
886 3474 1038 3561 disputem
1056 3473 1191 3539 relabens
1208 3472 1288 3536 euim

164 3580 275 3645 iterum
306 3579 345 3644 ed
375 3602 425 3657 ee,
457 3602 534 3666 quoe
564 3588 637 3646 sunt
665 3589 718 3656 τῆς
748 3590 933 3661 ποοροοσκευῆς
956 3589 1009 3656 τῆς
1032 3582 1100 3662 πρδς
1122 3580 1155 3644 τὸ
1179 3577 1289 3654 ἣδιστον
1393 3630 1396 3636 .

56 3742 58 3746 ,
164 3685 234 3750 illos
256 3694 357 3750 temen
381 3686 425 3750 cit
446 3685 577 3766 τείχεσι,
596 3687 711 3768 νεωρίοις
728 3686 768 3751 εἰ.
786 3685 924 3764 μεχούλην
936 3688 1118 3762 πεποιηκὲνοοι
1130 3688 1182 3760 την
1194 3685 1286 3750 πόλιν.

164 3789 301 3856 Socrates
323 3813 385 3855 nou
408 3798 500 3874 neget
518 3813 568 3854 cos
591 3791 829 3874 διοικονικωτὲρους
852 3798 907 3857 τοῖν
927 3816 965 3870 με
980 3798 1027 3858 νῦν
1043 3793 1136 3857 fuisse
1152 3798 1183 3855 et
1198 3790 1287 3854 etiem

164 3899 280 3973 μοῖλλον
309 3893 378 3968 οἵους
403 3899 431 3962 τ’
453 3895 605 3979 ἐκπορίζειν
627 3907 664 3979 τῇ
686 3898 769 3963 πόλει
792 3894 828 3962 ὦν
854 3897 1009 3977 ἐπεθύμει,
1033 3897 1085 3961 εει]
1109 3897 1165 3961 hoe
1188 3897 1287 3980 ipsum

165 4009 210 4067 cst
232 4001 316 4087 quod
339 4024 400 4066 non
423 4001 629 4068 decet‘fooere
651 4005 763 4081 οῖγούδν
785 4005 923 4080 πολίτην,
942 4005 1028 4089 cujus
1042 4004 1098 4067 hoc
1113 4003 1196 4079 μόνον
1208 4002 1287 4081 ἔργον
1347 4051 1350 4054 -

165 4115 229 4187 est,
252 4109 385 4186 οῖμείνους
407 4115 496 4174 ποιεῖν
512 4110 579 4181 τοὺς
595 4109 736 4182 πολίτουςε
751 4110 833 4184 δίττη
853 4110 970 4183 enimsi
987 4109 1197 4191 προεχμοοτείοι,
1218 4131 1289 4192 que·

163 4235 231 4279 rum
255 4212 364 4299 (altere
385 4240 428 4274 =
451 4216 620 4294 πωροισκευη
654 4215 722 4292 πρδς
745 4215 779 4279 σδ
800 4215 969 4300 βέλτιστον)
991 4214 1085 4279 altera
1108 4219 1125 4291 η
1149 4215 1288 4288 διοικονικη

164 4319 221 4405 (ε
252 4321 421 4399 ποιροεσκευῖρ
452 4321 520 4399 πρδς
550 4318 584 4384 cl
615 4318 739 4405 ἥδιστον)
766 4321 888 4384 omnino
920 4318 1134 4404 improbanda3
1158 4329 1289 4404 quotuor

163 4425 259 4509 igilur
290 4425 345 4489 viri
372 4447 393 4508 ρ
422 4423 550 4490 Callicle
577 4424 694 4490 leudeti
716 4425 823 4490 urbem
845 4423 965 4490 ύπουλον
987 4424 1185 4490 reddiderunt
1206 4424 1288 4508 (illos

164 4530 377 4609 ε’γκωμιοίσουσι
407 4528 477 4598 ύιοιν
511 4532 578 4614 ἔλύη
607 4531 802 4610 ύκωτωβολη
823 4539 876 4607 τῆς
898 4532 1046 4603 οῖσύενείοος
1072 4533 1134 4594 519
1159 4532 1204 4608 Α,
1236 4528 1288 4593 ubi
