3038 5122
640 326 896 395 conclus,
1061 293 1147 388 ’.
1289 330 1411 429 ιιι.ν

203 519 221 587 δ’
240 546 277 601 γε
300 524 404 602 δίκαιος
428 525 542 591 άδικεῑν.
562 564 605 576 -
625 538 711 595 ΓΟΡ.
737 530 880 608 Ἀνάνκκ.
903 552 947 580 ·-
970 541 1043 598 ΣΩ.
1066 532 1134 596 Τίν’
1149 531 1178 596 δὲ
1201 534 1338 613 ῥητορικὸν

203 628 320 706 άνάγκκ
340 633 372 695 ἐκ
392 633 548 719 τοῦλόγου
570 634 675 700 δίκαιον
694 633 771 700 εἶναι,
794 675 836 687 -··
856 647 941 703 ΓΟΡ.
962 641 1025 702 Ναί
1044 675 1087 685 -
1106 647 1177 702 ΣΩ.
1195 637 1337 703 Οὐδέποτ’

170 756 172 759 ’
204 734 263 815 ἄρα
285 737 464 830 doctiorem
487 739 499 800 δ
525 743 663 820 ῥητορικὸς
686 743 801 807 άδικεῖν.
823 749 867 790 -’
889 752 974 808 ΓΟΡ.
1000 745 1045 808 Οὐ
1068 743 1208 822 Φαίνεταί
1231 768 1280 821 γε.

168 847 197 910 Ι)
248 840 315 905 XV.
339 852 411 908 ΣΩ.
436 843 594 921 Μέμνηται
617 841 662 910 οὖν
685 847 788 923 λέγων
805 849 895 927 ὀλίγῳ
919 848 1067 930 πρότερον,
1095 844 1136 912 δ’τι
1160 851 1190 913 οὐ
1213 849 1257 911 δεῖ
1276 854 1335 918 τοῖς

204 947 404 1026 παιδοτρίβαις
426 952 565 1026 ἐγκαλεῖν
584 951 644 1028 ,οὐδ’
656 951 816 1028 ἐκβάλλειν
839 956 871 1017 ἐκ
896 961 951 1017 τῶν
971 954 1098 1024 πόλεων,
1120 955 1170 1017 ἐάν
1189 956 1202 1018 δ
1220 955 1332 1026 πύκτης

202 1062 239 1130 τῇ
263 1062 386 1132 πυκτικῇ
413 1056 465 1136 roi
485 1062 583 1126 καλῶς
585 1080 599 1141 ρ
621 1065 730 1136 χρῆται
759 1059 771 1100 Γ
783 1059 839 1138 τε,Ἰ
865 1058 913 1122 καί
938 1053 1038 1138 dirue
1062 1060 1198 1129 ὡσαύτως
1222 1058 1246 1121 δ’
1266 1057 1336 1149 οὕτω

202 1155 258 1221 κάν
282 1160 296 1222 o‘
319 1160 407 1239 ῥήτωρ
429 1171 466 1243 τῇ
490 1165 617 1243 ῥητορικῇ
639 1162 744 1234 άδίκως
766 1171 894 1242 χρῆται,
915 1166 957 1240 μὴ
975 1168 1015 1243 τῷ
1035 1162 1180 1238 διδάξαντι
1198 1166 1336 1239 ἐγκαλεῖν

200 1263 269 1341 μηδ’
293 1263 454 1340 ἐξελαύνειν
478 1267 514 1330 ἐκ
533 1275 586 1341 τῆς
612 1267 740 1343 πόλεως,
770 1268 854 1333 άλλά
880 1271 920 1349 τῷ
943 1270 1084 1334 άδικοῦντι
1108 1269 1157 1333 καί
1181 1273 1231 1335 οὐκ
1254 1270 1334 1350 ὀρθῶς
1386 1356 1388 1363 Ι

201 1497 251 1551 τώς
275 1500 315 1546 τοῦ
331 1497 416 1547 δικαίου
432 1501 470 1547 καί
485 1497 568 1546 ἀδίκου.
598 1495 742 1545 Secundum
792 1516 881 1560 οταριαι
904 1504 960 1560 νεῖν,
984 1501 1112 1562 ἐπίσταμαι
1129 1500 1271 1566 ἐπιφημίζειν
1288 1501 1336 1547 eto.

200 1562 268 1610 enim
292 1561 358 1610 hunc
384 1560 492 1624 Gorgiae
520 1561 743 1611 definitionem·et
791 1567 890 1610 utentes
913 1563 987 1611 verbo
1005 1568 1158 1626 intuertur,
1176 1580 1227 1613 non
1245 1566 1334 1615 εἰδέναι.

202 1626 311 1675 Socratis
319 1627 558 1689 argumentationem
568 1625 743 1688 οὐδέποτόῖνεῖη
791 1626 868 1676 Adsit
889 1628 967 1690 igitur
983 1629 1011 1677 in
1027 1634 1135 1693 utroque
1155 1631 1180 1678 Β.
1197 1631 1335 1680 necessario

200 1695 340 1760 ἡρητορικὴ
364 1695 439 1744 ι’ίδικον
454 1703 569 1761 πρᾶγμα,
587 1696 678 1757 δρόίεί
689 1699 743 1763 περί
792 1697 821 1750 ὡς
837 1695 879 1744 δεῖ.
898 1693 1027 1743 Increduli
1039 1699 1064 1744 et
1075 1695 1120 1744 has
1131 1696 1254 1745 novitates
1267 1712 1335 1761 sper·

202 1756 404 1816 δικαιοτύνηςτοὺς
420 1763 496 1824 λόγους
512 1769 612 1811 ποιεῖται
629 1762 685 1822 (460
699 1761 742 1818 Ε),
792 1764 878 1808 nentes
896 1775 927 1808 ne
942 1764 1034 1824 putent
1050 1776 1090 1810 me
1106 1777 1199 1810 errasse
1209 1763 1237 1810 iu
1249 1763 1334 1828 dispo·

202 1822 276 1884 Quae
297 1824 352 1889 ipsu
374 1825 488 1874 dicturus
510 1824 624 1874 Socrates
641 1826 743 1874 adhibet
791 1825 873 1874 nenda
884 1825 931 1873 hec
940 1827 1130 1888 argumentandi
1139 1825 1335 1893 formula‚ejus·

200 1889 380 1954 'syllogisticam
391 1891 643 1954 argumentationem,
655 1893 741 1957 etjam
791 1890 918 1940 demmodi
932 1892 1007 1940 eliam
1016 1927 1022 1950 ,
1031 1908 1094 1956 quae
1102 1893 1194 1955 legitur
1202 1893 1296 1942 ibidem
1308 1893 1336 1941 in

202 1953 230 2003 in
247 1958 293 2004 460
310 1956 333 2004 Β
351 1955 470 2016 Gorgiam
486 1956 638 2018 interrogare
652 1957 742 2021 incipit
791 1962 837 2015 54.
850 1956 919 2022 apud
929 1956 1136 2023 Xenophontem,
1146 1959 1231 2008 eadem
1241 1960 1337 2008 ratione

202 2020 255 2069 his:
279 2024 291 2071 δ
313 2027 344 2073 τὰ
360 2027 474 2074 τέκτοιικὰ
491 2027 630 2087 μεμαθηκὼς
646 2043 742 2075 τεκτονι·
790 2021 937 2086 disponam:

202 2092 252 2148 κὸς,
271 2091 285 2144 δ
302 2091 338 2146 ot;
354 2088 432 2138 Vides
444 2089 531 2136 saltem
541 2089 585 2137 illa
596 2092 743 2142 οὐδεποτε-
792 2088 845 2138 Aa
863 2095 894 2140 τὰ
912 2094 965 2159 περὶ
980 2093 1030 2148 τοὺς
1048 2092 1212 2155 terricrepum
1230 2093 1293 2148 εἰδώς
1304 2111 1336 2135 =

201 2152 281 2202 stetin
299 2156 345 2202 460
363 2154 400 2213 E,
418 2171 480 2219 quae
496 2153 560 2203 illud
578 2160 614 2205 ἀεί
628 2156 655 2204 in
670 2172 743 2219 urgu-
1069 2156 1091 2204 B
1109 2158 1121 2206 δ
1138 2160 1237 2221 νομίμως
1255 2169 1335 2222 τιμῶν.
1353 2173 1356 2178 ·

201 2220 742 2284 mentationesummojurerindicant.Hseo
791 2219 814 2268 B
837 2223 849 2270 δ
872 2225 972 2287 νομίμως
994 2232 1068 2287 τιμῶν
1090 2242 1122 2266 =
1140 2221 1160 2270 Ο
1178 2227 1190 2273 δ
1207 2235 1236 2280 ῶς
1254 2225 1288 2274 δεῖ
1304 2225 1335 2286 (s.
1370 2231 1397 2276 .’

200 2284 290 2333 iisdem
314 2284 365 2334 fere
392 2287 472 2335 verbis
501 2286 591 2351 scripsi
613 2288 641 2336 in
659 2288 742 2352 primo
1157 2290 1239 2352 τιμᾶν)
1256 2299 1335 2354 τιμῶν.

202 2349 279 2414 hujus
296 2351 396 2400 criticae
413 2351 555 2417 specimine.
583 2352 658 2401 Addo
675 2369 743 2403 nune
793 2351 889 2410 Οδάς
906 2355 939 2404 δεῖ
955 2363 1028 2418 τιμῶν
1043 2371 1076 2396 =
1093 2352 1148 2404 Di
1164 2358 1266 2422 εὐσεβής.

201 2416 233 2463 iis
256 2415 401 2466 Aristotelis
424 2419 499 2466 verbo
520 2434 550 2466 ex
572 2415 663 2483 Ἠθικῶν
682 2431 741 2484 Μεγ.
792 2417 861 2480 Ergo
877 2419 902 2467 A
920 2422 932 2470 δ
951 2425 1031 2471 τὰ-
1050 2420 1112 2478 εἰδὼς
1126 2440 1159 2464 =
1172 2421 1196 2468 D
1209 2425 1221 2472 δ
1232 2425 1336 2489 εὐσεβής.

203 2481 234 2528 A·
255 2485 275 2528 l·
296 2510 329 2518 *-
351 2487 389 2534 ἐπὶ
410 2495 455 2535 τῶν
476 2488 621 2549 ἐπιστημῶν,
639 2485 689 2536 ἀλλ’
707 2490 744 2536 οὐκ
808 2483 898 2544 >Quae
923 2485 1007 2534 omnic
1031 2485 1185 2535 enucleatius
1210 2487 1237 2536 in
1262 2487 1337 2537 tertio

203 2551 239 2598 ἐπί
265 2557 309 2597 τῶν
331 2555 420 2618 ἀρετῶν
443 2557 509 2602 τοῦτο
533 2551 565 2613 (s.
588 2553 640 2616 ἅμα
663 2553 743 2603 sitem
792 2551 928 2616 specimine
943 2561 1088 2615 persecutus
1106 2567 1170 2599 sum.

202 2619 329 2677 Ιίιιιττήμκν
356 2621 406 2664 τινὰ
433 2621 470 2667 καί
496 2619 580 2674 ταὺτης
605 2622 745 2682 ἐπιστήμονα
825 2643 858 2652 -
871 2616 896 2664 D
913 2617 1009 2680 (vulgo)
1023 2625 1160 2687 τῇπνκτικῇ
1169 2627 1257 2688 χρῆται
1265 2638 1291 2668 τι
1300 2620 1339 2668 καὶ

203 2679 258 2729 εἶναι
276 2678 319 2730 οἷον
334 2684 373 2730 τδν
389 2684 490 2750 ἰατρικὴν
507 2684 583 2733 εἰδότα
599 2687 678 2740 εὐθέως
689 2684 744 2734 εἶναι
773 2679 885 2752 ’ἀδικῇ;]
918 2683 949 2731 In
973 2682 1102 2732 codicibus
1131 2699 1177 2747 pro
1200 2694 1288 2753 χρῆται
1311 2702 1339 2734 τε

203 2746 291 2812 ίατρδν)
310 2751 438 2813 συμβαίνει·
456 2752 480 2799 οὐ
496 2754 542 2816 γὰρ
558 2752 582 2801 εί
595 2769 629 2805 τις
646 2750 690 2799 οἶδε
705 2757 746 2808 τὴν
794 2747 886 2811 legitur
908 2752 953 2797 aut
972 2749 1051 2797 solum
1070 2757 1174 2817 χρῆται,
1193 2754 1237 2798 aut
1254 2748 1336 2798 solum

190 2813 338 2881 ιδικοιιοοιίνκν
353 2817 377 2863 τί
393 2818 468 2877 ἐστιν,
486 2815 745 2871 attaminatione.
795 2824 900 2882 χρῶνται,
920 2819 964 2862 cut·
979 2822 1013 2879 μὴ
1031 2817 1102 2871 καλῶς
1117 2826 1225 2882 χρῆται,
1242 2817 1286 2862 aut
1298 2835 1337 2865 κα·

184 2877 319 2943 ,Ριενοτνο
340 2877 419 2940 igitur
442 2884 454 2930 δ
476 2892 524 2930 aux
540 2887 597 2938 άτης
618 2885 746 2946 ἐπιστήμας
795 2891 837 2936 κῶς
858 2889 958 2947 χρῆται,
985 2886 1030 2929 aut
1085 2887 1139 2939 ῆττί
1158 2901 1184 2944 γε
1201 2884 1238 2932 καί
1255 2880 1339 2937 ἀδίκως

136 2990 141 3008 ,
203 2947 273 2994 ἐποίει
290 2949 331 3000 τὰς
348 2951 441 3013 ἀρετάς.
455 2974 488 2983 -
528 2946 747 2996 u‘usmodiultera
794 2955 882 3013 χρῆται
899 2947 991 2994 omisso
1008 2967 1043 2998 τε.
1092 2947 1141 2996 nde
1151 2951 1255 3012 apparet
1265 2946 1338 2994 ulcus

202 3010 342 3058 emendatio
364 3013 476 3061 facienda
498 3014 526 3061 in
570 3028 608 3060 en.
625 3013 704 3061 Mem.
723 3019 745 3061 4.
794 3011 871 3060 fuisse
895 3012 923 3060 in
947 3015 1019 3061 textu
1043 3011 1109 3062 inter
1130 3023 1226 3071 πυκτικῇ
1250 3015 1275 3061 et
1301 3014 1339 3062 καί

203 3079 232 3129 6.
250 3077 273 3122 3.
301 3074 351 3145 Ἆρ’
375 3077 409 3128 οὖν
432 3082 444 3129 δ
469 3081 531 3136 τίδὼς
553 3081 604 3136 τοὺς
630 3081 689 3135 θεοδς
711 3099 745 3130 τι·
794 3077 1018 3145 ἀδεκῇ,νπιίίειριιο
1033 3078 1116 3127 modis
1131 3076 1338 3127 conatosesseii·

202 3150 250 3204 μᾶν
271 3145 308 3191 οὐκ
325 3145 397 3200 ἄλλως
414 3149 485 3196 οῖετοιι
503 3147 546 3196 δεῖν
562 3149 629 3196 τοῦτο
645 3152 716 3195 ποιεῖν
730 3149 745 3201 ἡ
794 3143 889 3192 bracios
912 3144 996 3192 locum
1012 3143 1040 3192 in
1056 3145 1182 3207 integrum
1201 3143 1339 3193 restituere.

202 3211 231 3262 ὡς
245 3206 319 3275 οἶδεν,
333 3208 414 3258 Sicuti
422 3210 745 3274 argumentatioinGorgie
795 3205 904 3258 Videtur
922 3216 1007 3264 tumen
1025 3210 1128 3260 verbum
1149 3218 1237 3279 χρῆται
1252 3208 1338 3271 genui·

201 3273 307 3335 requirit
324 3274 444 3324 omissum
461 3282 510 3334 ἀεί,
528 3277 564 3327 sic
581 3293 643 3343 quae
652 3276 744 3325 hiooc-
793 3290 855 3324 num
864 3291 928 3334 esse,
939 3275 1136 3325 sedcdverbium
1145 3277 1273 3340 quoddam
1281 3279 1339 3323 ante
1420 3298 1422 3302 >

202 3338 282 3386 currit
298 3340 404 3402 requirit
421 3346 450 3399 ὡς
467 3344 500 3394 διδ
515 3349 574 3409 post
591 3345 663 3400 εἰδοῖς.
684 3342 743 3391 Duo
792 3341 820 3389 id
837 3341 997 3390 obliteratum
1015 3357 1075 3391 esse.
1102 3341 1180 3403 Quod
1197 3341 1273 3392 etiam
1292 3355 1338 3404 ego

201 3403 744 3468 afferomargumenta,alterumedinlectica,
796 3422 854 3455 oum
878 3407 1004 3472 plerisque
1025 3409 1192 3458 recentiorum
1213 3408 1339 3457 editorum

202 3469 309 3518 alterum
329 3487 342 3520 e
359 3475 529 3533 grammatica.
548 3475 664 3524 Primum
675 3473 747 3538 quasi
795 3473 932 3522 arbitratus
948 3473 1072 3523 edendum
1091 3474 1176 3523 curavi
1190 3474 1217 3522 in
1228 3473 1339 3524 editione

204 3543 261 3584 onte
278 3538 364 3585 oculos
381 3539 487 3602 ponitur
503 3541 530 3589 in
545 3541 584 3603 sic
601 3541 716 3605 scriptis,
794 3538 930 3588 Parisiensi
954 3539 1002 3588 sic:
1025 3545 1062 3590 ἐὰν
1085 3543 1198 3599 δπιίκτης
1214 3549 1244 3609 τῇ
1260 3557 1286 3589 π,
1304 3544 1339 3602 μὴ

202 3601 333 3660 nectite
349 3607 399 3662 τοὺς
415 3611 469 3674 περὶ
485 3609 536 3664 τοὺς
551 3609 611 3664 θεοὺς
625 3615 747 3672 risusve:
770 3636 771 3639 =
796 3608 867 3661 καλῶς
891 3614 979 3673 χρῆται
1003 3609 1041 3658 καὶ
1069 3605 1152 3677 ἀδικῇ,
1180 3609 1280 3671 recepto
1304 3611 1339 3669 μὴ

366 3672 388 3718 Β
410 3675 423 3724 δ
442 3675 504 3730 είδὼς
520 3680 551 3731 ὡς
567 3676 602 3722 δεῖ
617 3676 669 3729 τοὺς
684 3675 745 3729 θεοὺς
796 3674 869 3727 καλῶς
885 3681 910 3720 et
925 3673 1017 3736 rejecto
1034 3692 1069 3723 τε.
1096 3673 1171 3721 Nunc
1184 3675 1339 3735 autempost
1396 3681 1397 3686 ’

665 3748 744 3804 τιμᾶν.
792 3735 889 3786 'iterum
912 3738 1005 3786 lectum
1028 3739 1112 3786 iocum
1134 3753 1180 3803 pro
1208 3745 1242 3802 μὴ
1267 3740 1339 3794 καλῶς

201 3798 224 3846 Β
250 3803 262 3850 δ
287 3802 350 3860 εἰδὼς
375 3808 405 3862 ὡς
427 3807 460 3855 δεῖ
481 3808 531 3863 τοὺς
549 3807 610 3862 θεοὺς
626 3815 697 3869 τιμᾶν
713 3809 746 3849 --’
795 3818 881 3851 verum
891 3803 979 3868 judico
993 3811 1027 3869 μὴ
1037 3809 1116 3874 ὀρθῶς.
1135 3805 1200 3853 Nam
1209 3802 1339 3866 nihilqui·

327 3869 328 3872 ’
365 3869 480 3922 croix
497 3876 570 3928 ἄλλοις
587 3877 686 3935 δεόμενος
704 3872 748 3920 δεῖν
796 3868 853 3917 dem
868 3868 988 3919 interesse
999 3872 1100 3920 videtur
1111 3872 1176 3919 inter
1188 3874 1259 3926 καλῶς
1270 3873 1342 3933 λέγειν

257 3964 259 3971 ⁸
434 3944 618 3995 subcontrarii
635 3942 664 3995 ὡς
681 3938 745 3988 οἶδεν.
796 3938 821 3982 et
844 3940 913 4003 ὀρθῶς
935 3939 1018 3999 λέγειν.
1043 3936 1088 3984 ubi
1109 3952 1167 3985 vero
1185 3936 1339 3984 contrarium

163 4000 165 4004 '
202 3997 222 4045 O
247 4002 258 4048 δ
283 4003 321 4051 οὐκ
344 4006 416 4061 ἄλλως
438 4009 536 4069 διέμενος
562 4007 600 4054 κτί
613 4014 657 4047 '=
683 4003 707 4050 D
736 4006 747 4054 δ
796 4002 934 4063 requiritur
944 4007 1159 4072 τοῦὴριοιρτημένως
1167 4017 1218 4050 non
1227 4002 1252 4052 εὖ
1260 4016 1340 4064 neque

555 4081 629 4134 τιμῶν
645 4069 745 4131 (οὕτως).
796 4070 866 4123 καλῶς
882 4069 1014 4131 usurpari,
1032 4084 1069 4117 ex.
1087 4083 1122 4130 gr.
1140 4084 1198 4117 cum
1209 4067 1291 4116 verbis
1303 4085 1338 4116 κο-

201 4129 310 4191 ErgO'A
329 4136 347 4183 b
357 4137 420 4191 εἰδὼς
437 4138 475 4187 xri
491 4155 523 4180 =
543 4138 563 4183 D
581 4140 593 4187 δ
609 4147 682 4201 τιμῶν
696 4139 742 4186 κτδ.
795 4135 885 4196 ἐρίζειν,
901 4139 1001 4203 χρῆσθαι
1018 4135 1088 4192 sim„
1101 4134 1144 4182 sed
1154 4139 1232 4203 ὀρθῶς.
1250 4132 1339 4180 Decies

234 4196 350 4246 Alterum
380 4207 553 4263 argumentum
583 4202 745 4265 grammatica
794 4197 845 4248 fero
863 4200 948 4248 eadem
970 4201 1092 4249 sententia
1109 4200 1140 4249 de
1157 4201 1242 4248 eadem
1258 4213 1285 4246 re
1301 4213 1338 4246 re·

201 4263 356 4327 suppeditat.
390 4266 514 4315 Graecum
539 4269 606 4316 enim
630 4284 682 4317 non
707 4272 745 4316 est
794 4266 874 4314 currit
896 4266 954 4314 indo
974 4283 987 4315 κ
1011 4270 1058 4315 456
1077 4266 1112 4325 Ο,
1129 4273 1154 4315 et
1170 4265 1264 4328 ubique
1281 4279 1340 4312 con·

201 4329 253 4379 οἶδοι
269 4338 325 4395 νεῖν,
343 4331 392 4381 οἶδα
409 4335 520 4396 κολάζειν,
533 4336 583 4385 οἶδα
594 4340 742 4402 ἐπιψηφίζειν,
794 4333 894 4380 stanter
911 4331 985 4380 verbo
1008 4338 1110 4400 χρῆσθαι
1133 4331 1280 4397 adjungitur
1297 4330 1339 4377 cd·

203 4411 282 4457 neque
306 4395 383 4459 igitur
401 4398 454 4448 οἶδα
469 4407 541 4463 τιμᾶν
556 4416 636 4464 neque
651 4405 663 4450 δ
681 4403 745 4456 εἰδὼς
792 4398 904 4445 verbium
922 4397 956 4462 μὴ
967 4399 1006 4447 vei
1015 4404 1052 4449 οὐκ
1062 4404 1141 4467 ὀρθῶς.
1160 4397 1273 4446 'scudem
1282 4394 1340 4444 vide

202 4465 252 4518 τοὺς
267 4465 332 4519 ’θεοὺς
346 4474 426 4526 τιμᾶν.
451 4464 500 4512 Sed
516 4465 565 4514 hoc
576 4467 680 4516 debebat
692 4482 744 4515 esse
792 4463 831 4512 vel
848 4464 874 4511 in
892 4464 1014 4528 proximis
1031 4465 1134 4514 eandem
1151 4463 1287 4513 dictionem
1303 4477 1340 4510 re·

203 4530 382 4593 δέπιπτάμενος
404 4533 454 4587 τοὺς
475 4534 534 4589 θεοὺς
562 4542 641 4598 τιμᾶν.
677 4533 743 4580 Num
792 4529 910 4595 petitam:
931 4533 964 4581 δεῖ
980 4534 1166 4596 ἐγκαλεῖν-τῷ
1179 4531 1292 4581 ἀδικοῦντι
1304 4533 1341 4580 καί

203 4583 404 4645 cum‘inflnitivo
421 4612 518 4662 semper
534 4597 683 4657 dicuntsic,
694 4600 756 4653 sne.
792 4599 830 4646 οὐκ
846 4602 915 4664 ὀρθῶς
932 4605 1043 4664 χρωμένῳ
1061 4607 1090 4666 τῇ
1105 4601 1224 4668 ῥητορικῇ.

1155 4686 1170 4736 t
1208 4726 1211 4730 .
