3038 5122
206 312 248 377 cc
409 270 498 337 Ὗ
630 303 909 374 riticius

206 513 352 598 Φοτέροιςς
376 550 419 563 -
440 521 544 578 ΠΩΛ.
567 508 712 589 'Auerna
736 550 779 560 -
802 520 875 578 ΣΩ.
892 504 961 592 Ἆρ’
983 505 1029 576 οὖν
1050 509 1249 593 ἀλγεινίτεοίν
1264 511 1331 578 ἐστι

205 628 255 687 τοῦ
278 620 410 686 πίνεπίοιι
433 619 482 685 κοιλ
505 615 624 696 κάμνειν
646 618 679 683 τὸ
702 615 796 684 ἀδικον
818 613 889 683 είνιιι
913 615 962 681 κοιλ
987 617 1148 684 ἀκίλιιττον
1170 617 1218 684 κοιλ
1234 617 1330 683 δειλὸν

134 773 136 777 -
204 727 253 792 κοιλ
276 727 394 804 ἀμοιίῆ;
424 763 461 774 -
481 734 585 791 ΠΩΛ.
610 727 674 791 Οὐκ
696 723 796 803 ἔμοιγε
817 725 907 800 δοκεῖ,
928 719 949 787 ὦ
968 725 1134 805 Σώκροιτες,
1148 723 1330 800 ἀπὸτοιίτονν

203 857 251 911 γε.
274 871 318 882 -
340 841 410 898 ΣΩ.
434 835 596 914 Ὕπερφοεῖ
614 854 666 895 τινι
689 827 735 910 ἀρ’
757 832 794 904 ὥς
816 829 938 912 perdiu
951 829 1066 912 βλάβκ
1087 827 1137 895 κιιλ
1159 831 1238 911 κοινῷ
1258 831 1328 895 dec·

204 941 302 1021 μοιτίῳ
329 937 555 1019 ὑπερβάλλουσα
585 931 689 1002 τάλλοι
711 939 727 1012 ἡ
751 945 803 1011 τῆς
825 943 927 1016 ψυχῆς
951 936 1068 1018 compta
1090 934 1241 1017 οιίπχιστίν
1264 939 1365 1014 ἐστιΕ

143 1053 147 1064 “
205 1046 337 1120 πάντοιν,
361 1043 462 1119 ἐπειδὴ.
479 1045 530 1108 οὐκ
551 1041 688 1121 ἀλγηδόνι
711 1066 766 1121 γε,
790 1044 826 1114 ὥς
849 1044 863 1107 0‘
884 1043 933 1114 σὸς
953 1041 1049 1120 λόγος.
1069 1079 1105 1090 -
1125 1051 1230 1109 ΠΩΛ.
1254 1042 1327 1108 Φοιί-

204 1177 293 1218 νετοιι.
317 1189 359 1200 -
382 1160 455 1216 ΣΩ.
478 1149 577 1215 Ἀλλά
599 1148 657 1225 μίν
679 1172 733 1214 που
756 1147 790 1213 τί
811 1173 849 1227 γε
871 1148 999 1231 μεγίστη
1020 1147 1126 1231 βλάβιι
1141 1147 1328 1230 ὑπερβάλλον

202 1259 342 1337 μέγιστον
371 1255 407 1321 ἀν
436 1255 524 1321 κκκὸν
553 1252 595 1329 sin
627 1260 682 1319 τῶν
712 1252 805 1320 ὄντων.
834 1291 878 1304 -
906 1264 1008 1320 ΠΩΛ.
1031 1255 1103 1320 Nat.
1128 1292 1173 1306 -
1195 1263 1266 1320 ΣΩ.
1289 1258 1328 1320 Ἡ

201 1365 299 1430 ἀδικίον
329 1361 388 1444 epa
409 1362 458 1428 κοιλ
482 1365 499 1439 ἡ
521 1361 669 1426 ἀκολοιοίοι
691 1361 740 1424 κοιλ
764 1364 780 1437 ἡ
802 1358 881 1435 ἀλλκ
906 1369 985 1446 trie)
1007 1366 1112 1442 ψυχῆς
1134 1360 1250 1443 πονηρίαι
1273 1361 1328 1440 μί-

201 1494 301 1548 γιστον
324 1473 380 1535 τῶν
401 1467 485 1535 ὄντων
507 1468 595 1533 κοικίν
618 1471 688 1534 ἐστι.
713 1506 756 1518 -
778 1477 881 1534 ΠΩΛ.
905 1468 1051 1533 Φοίνετοιι.

244 1574 386 1641 XXXIV.
411 1583 481 1641 ΣΩ.
509 1575 564 1647 Τίς
587 1568 634 1640 οὖν
656 1574 746 1654 τέχνη
769 1576 869 1646 πενίαις
892 1571 1100 1650 ἀποιλλάττει;
1124 1577 1155 1639 οὐ
1177 1597 1327 1654 xerces-t·

202 1684 306 1757 πτικνίς
338 1719 381 1730 -
410 1689 514 1747 ΠΩΛ.
543 1679 616 1745 Nat.
640 1717 683 1746 -.-
706 1687 778 1744 ΣΩ.
808 1678 863 1750 Τίς
886 1679 915 1743 δὲ
938 1679 1017 1745 νίνου
1024 1705 1033 1758 ;
1057 1682 1106 1745 οὐκ
1128 1679 1239 1759 ίοιτοικιί
1246 1705 1255 1757 ;
1280 1717 1327 1728 -
1387 1663 1388 1671 ¹

202 1797 306 1854 ΠΩΛ.
330 1786 472 1865 'Arnim
497 1824 541 1835 -
563 1795 634 1851 ΣΩ.
656 1785 712 1857 Τίς
736 1785 766 1850 δὲ
783 1784 916 1864 πονηρίας
932 1783 982 1850 κιιλ
998 1783 1130 1862 ἀδικίκςς
1149 1786 1173 1849 εί
1184 1782 1401 1862 μλοῦτονς478

200 1896 343 1977 streptis,
375 1889 427 1958 ὦδε
450 1891 560 1957 οκίπει·
584 1897 636 1957 ποῖ
655 1889 768 1969 ἀνομεν
790 1891 840 1956 κοιλ
863 1891 945 1972 πκρά
967 1891 1048 1963 τίνος
1069 1891 1135 1964 rode
1156 1890 1325 1969 κάμνοντιις

197 2075 222 2126 R
238 2090 291 2124 esse
307 2073 348 2134 Q,
366 2071 575 2138 quemadmodum
592 2086 737 2120 conoessum
784 2076 812 2123 τὸ
827 2073 969 2141 ίατριὺισθαι
984 2071 1025 2129 ἡδὺ
1041 2076 1104 2134 ires,
1117 2076 1159 2123 καί
1175 2074 1326 2138 χαίρουσινοί

198 2144 251 2197 erat
275 2141 297 2190 Ῑι
322 2156 375 2189 esse
397 2138 437 2199 Q,
459 2138 548 2188 deinde
565 2137 592 2186 in
610 2137 656 2189 475
674 2136 694 2186 C
709 2141 737 2189 τὸ
785 2142 953 2207 ίατρινίμενοις
972 2148 1018 2188 ΠΩ.
1036 2142 1080 2189 Οὐκ
1097 2143 1173 2202 ἔμοιγε
1190 2139 1347 2203 doaetpost·

197 2210 452 2269 cerasiacensem,
468 2204 496 2280 in
513 2204 559 2256 477
577 2203 639 2281 Det
650 2203 673 2252 Iti
685 2219 737 2254 esse
785 2221 848 2269 quae
863 2206 960 2254 omittit
976 2204 1051 2253 etiam
1062 2204 1135 2253 hacc:
1151 2213 1190 2255 m.
1207 2207 1288 2290 οὐκοῦν
1304 2207 1326 2254 r!

198 2269 736 2402 infirmitatesque
785 2273 1325 2405 iteret:

196 2410 279 2470 paret,
297 2411 324 2455 τὸ
341 2403 379 2463 Q‘
394 2413 428 2470 τῷ
445 2401 483 2463 Q·
499 2402 580 2451 simile
594 2403 737 2452 sitneeesse
784 2421 863 2456 πιται.
885 2415 932 2454 m
956 2407 1006 2454 Ναί.
1030 2413 1069 2453 m
1092 2408 1122 2452 Τὸ
1138 2406 1254 2468 ὠφέλιμον.
1275 2412 1325 2453 ΠΩ.

196 2486 262 2530 esse,
279 2469 490 2536 quemadmodum
506 2472 534 2520 τὸ
544 2466 582 2528 Q*
592 2484 643 2517 non
655 2468 737 2518 simile
780 2468 881 2529 Ἐοικιν,
901 2485 963 2534 quae
980 2469 1325 2517 omniatribustsntumver·

196 2552 249 2585 esse
264 2547 298 2588 τῶ
315 2535 351 2596 Q¹
368 2550 419 2584 non
429 2540 520 2601 potest.
537 2533 677 2584 Reddimus
689 2535 736 2598 igi·
785 2535 823 2583 bis
840 2535 907 2598 dixit
922 2535 974 2583 hist
1001 2531 1059 2585 ‘iit'
1074 2537 1182 2600 ὠφέλιμον
1196 2554 1232 2598 γι.
1258 2530 1326 2582 Vide

195 2606 239 2651 tur
255 2590 294 2662 (2⁸
310 2601 392 2651 simile
407 2611 441 2668 τῷ
457 2599 494 2661 Q’
511 2601 632 2650 demendo
643 2617 735 2666 pronc-
786 2601 832 2650 478
857 2601 894 2660 (λ,
923 2601 968 2650 ubi
998 2601 1064 2650 idem
1096 2603 1165 2649 locus
1196 2614 1325 2664 exegeseon

196 2684 255 2717 men
271 2672 361 2720 τούτων.
387 2668 418 2716 ln
436 2668 482 2717 478
499 2667 736 2716 Brecurriteadem
785 2682 860 2717 causa
881 2667 956 2716 etiam
972 2667 1070 2732 plenius
1087 2666 1159 2715 nobis
1177 2664 1326 2715 scribendus

197 2733 388 2798 argumentandi
420 2730 546 2792 formula,
573 2749 637 2797 quae
665 2733 738 2799 plene
784 2733 840 2782 erit.
867 2733 908 2782 Sic
925 2731 1000 2781 etiam
1015 2733 1042 2782 in
1060 2732 1146 2783 4771)
1159 2731 1329 2797 posteriorem,

196 2800 290 2867 scripta
307 2800 344 2848 sic
360 2815 386 2848 ss
401 2799 515 2848 haberet:
539 2799 606 2849 Ιιτλ
622 2796 737 2850 κάλλιστον
784 2799 850 2847 hanc
873 2798 1094 2862 argumentationis
1117 2802 1212 2864 partem
1228 2797 1325 2846 omisit.

195 2871 234 2916 est
260 2870 376 2918 κάλλιστον
396 2865 456 2929 quia
471 2864 510 2924 ᾧ
525 2870 575 2922 ἤτοι
592 2867 682 2923 ἥδιστον
698 2871 737 2914 est
784 2865 918 2917 Attamen,
934 2866 1026 2913 iterum
1044 2864 1113 2923 dico,
1130 2865 1232 2926 longum
1243 2863 1324 2921 absit,

195 2938 232 2985 καὶ
256 2934 333 2992 ἡδονὴν
356 2935 461 2989 πλιίστην
482 2940 541 2982 ποιεῖ
564 2936 578 2989 ἡ
601 2935 736 2998 ολφίλιιανή
785 2936 814 2979 ut
836 2946 882 2980 nos
905 2931 990 2979 omnia
1011 2930 1055 2978 illa
1071 2931 1162 2979 omissa
1179 2929 1266 2995 reponi
1280 2929 1322 2994 J'u·

197 3006 320 3067 ᾱμφοτιρα
336 2998 411 3062 (quae
426 2998 541 3046 universe
551 2999 684 3050 enunciata
695 3014 735 3046 su·
783 2997 892 3046 beamus.
918 2996 952 3045 In
970 2997 1016 3046 475
1033 2999 1115 3046 autem
1133 2996 1180 3044 alia
1196 2995 1261 3043 ratio
1275 2999 1323 3044 ost.

192 3067 277 3130 perias
301 3067 329 3113 in
355 3065 402 3114 474
426 3066 452 3112 st
476 3063 522 3115 475
545 3063 608 3111 Polo
630 3063 736 3128 probata
783 3063 824 3111 Ihi
847 3063 917 3111 nulla
936 3062 1158 3125 argumentationis
1171 3077 1229 3127 pars
1247 3061 1323 3109 omit·

95 3167 96 3171 ,
193 3131 289 3195 erant)z
315 3131 340 3179 It
361 3135 375 3187 ἡ
398 3131 446 3187 δίνη
463 3133 500 3177 est
516 3149 549 3172 =
566 3129 588 3176 Ιν
606 3132 733 3181 totitem:
782 3129 846 3177 titur
862 3143 941 3192 neque
957 3128 1041 3177 omitti
1058 3129 1089 3176 ab
1107 3132 1207 3177 auctore
1222 3127 1323 3191 potuit,

193 3197 271 3260 igitur
286 3196 312 3244 R
334 3201 348 3253 ἡ
368 3198 416 3253 δίκη
433 3199 471 3244 est
487 3198 604 3246 κάλλιστον
620 3196 678 3258 quic
696 3194 734 3254 ψ
762 3195 851 3258 'quod
876 3198 913 3243 est
939 3195 1021 3259 prima
1044 3194 1121 3259 hujus
1144 3193 1250 3251 formae,
1272 3208 1324 3257 qua

193 3269 244 3320 ἤτοι
265 3264 341 3321 ἡδονὴν
364 3264 471 3318 πλείστην
493 3269 552 3311 ποιεῖ
568 3266 583 3318 ἣ
600 3265 735 3326 deiterata
782 3261 863 3326 prima
885 3260 939 3320 rice
961 3260 997 3308 ibi
1017 3261 1099 3310 utitur
1116 3264 1209 3309 auctor.
1236 3257 1323 3318 Quare

90 3374 94 3379 .
193 3335 324 3404 appcnpa.
349 3327 446 3375 Auctor
462 3342 520 3374 vero
533 3327 686 3374 hictantum
695 3327 734 3386 (λθ
781 3325 848 3374 nihil
864 3325 925 3374 huic
941 3325 1025 3376 deesse
1039 3341 1112 3392 posse
1122 3326 1170 3374 rati
1178 3325 1322 3374 inserendas

194 3396 313 3458 scripsit,
335 3392 439 3455 reliquis
456 3392 561 3442 omissis>
589 3391 645 3455 Ego
661 3392 734 3456 plena
782 3391 924 3441 censuimus
940 3407 1011 3441 voces
1028 3397 1042 3451 ἣ
1059 3398 1203 3461 ἀμφοτίροις.
1230 3390 1290 3440 Jam
1306 3406 1323 3440 a

194 3459 298 3524 scripsi,
320 3462 351 3507 ut
372 3462 399 3509 τὸ
424 3456 478 3516 (λθ,
494 3457 563 3521 quod
579 3457 611 3506 ad
628 3457 734 3507 formam
783 3457 926 3516 dialectica,
942 3474 992 3525 qua
1009 3459 1072 3508 duce
1084 3460 1220 3508 delevimus
1228 3471 1321 3522 prono·

194 3526 412 3589 attinet‚'pr0rsus
422 3523 503 3572 simile
511 3538 564 3572 esse
572 3533 606 3590 τῷ
615 3523 651 3582 Q'
660 3539 733 3573 nemo
781 3539 839 3572 men
864 3525 963 3588 τούτοιν,
990 3525 1020 3573 ad
1043 3524 1229 3588 grammaticam
1250 3523 1321 3572 reda·

193 3606 244 3640 non
261 3591 351 3640 videat.
376 3589 447 3638 Illud
464 3588 544 3638 simile
561 3605 607 3638 suc
624 3589 734 3650 Q⁸,hoc
782 3605 861 3639 amus.
888 3591 1041 3656 Interpretes
1056 3590 1122 3639 mala
1138 3588 1249 3654 exempla
1265 3588 1320 3637 lsu·

184 3659 240 3706 'suc
268 3656 314 3717 Q,¹.
348 3655 493 3719 Utrumque
515 3659 599 3704 autem
621 3656 654 3704 cb
675 3671 732 3704 een·
781 3655 854 3714 dant,
871 3657 964 3720 quibus
982 3656 1115 3706 defendant
1124 3662 1253 3723 ἀμφότερα.
1272 3654 1321 3705 co-

138 3753 140 3757 *
193 3723 250 3771 dem
276 3738 375 3772 causam
398 3721 433 3770 sic
457 3737 483 3770 sc
503 3721 590 3779 habet,
608 3721 640 3770 ob
656 3737 731 3786 quam
780 3721 1321 3788 dicesenimjsmsuppeditaruntinoharm.

164 3812 170 3826 ¹
193 3784 244 3849 Ψ,
257 3788 288 3838 de
297 3786 584 3852 quohioogimus‘,(suo
594 3787 731 3852 simileffl)
782 3790 827 3837 153
845 3787 870 3835 D
886 3795 1031 3858 ἀμφοτέροις.
1054 3787 1320 3851 ΕλίηῙο.541Βάμ-

192 3869 244 3903 non
255 3855 327 3904 aliter
338 3870 364 3903 se
375 3853 465 3903 habere
475 3869 548 3918 posse
559 3853 620 3902 dixi.
636 3853 730 3902 Verum
780 3860 865 3922 ptrspa
882 3863 983 3923 ἀριστος.
1004 3869 1106 3920 prorsus
1123 3853 1171 3902 aiia
1186 3857 1224 3902 est
1239 3855 1307 3901 ratio
1313 3889 1320 3914 ,

190 3921 257 3968 enim
279 3935 337 3969 vero
362 3935 421 3969 cave
436 3935 504 3968 nunc
538 3924 593 3968 ntes
609 3934 650 3968 me
667 3919 730 3968 desi·
779 3922 872 3968 nemini
888 3922 986 3983 ignota,
1002 3920 1083 3984 qunlis
1093 3921 1202 3987 τὴνφύσιν
1210 3925 1319 3987 ἀριστος,

192 3985 278 4035 derare
301 3986 329 4034 in
351 3985 397 4037 478
421 3985 444 4034 Β
467 4001 481 4034 a
503 3935 608 4033 Pdetone
624 3985 728 4033 omissa:
777 3991 853 4038 πάντα
866 3992 987 4054 κράτιστος
999 3987 1054 4035 κίειν.
1072 3986 1189 4035 Laudant
1198 3987 1276 4034 bonos
1285 3987 1321 4035 lo·
1414 3994 1417 3998 ’

190 4051 239 4100 hoc
255 4052 322 4100 enim
340 4052 440 4101 demum
456 4055 521 4099 esset
536 4050 606 4099 futili
619 4051 729 4114 quodam
777 4065 832 4110 cos,
850 4067 957 4115 quorum
974 4068 1040 4100 unus
1056 4052 1135 4101 instar
1151 4051 1264 4101 omnium
1280 4055 1321 4101 ost

191 4117 276 4167 studio
292 4117 368 4166 nimis
381 4117 413 4165 cd
424 4120 517 4165 certam
527 4116 659 4180 quemdem
671 4131 728 4182 pro·
777 4115 855 4180 Gorg.
872 4119 917 4167 475
931 4116 1012 4175 Beros
1021 4120 1077 4187 λύπῃ
1086 4121 1225 4187 ὑπερβάλλον
1233 4122 1247 4174 ἣ
1256 4127 1320 4185 κακῷ

189 4184 298 4248 positam
315 4198 430 4232 normam
446 4186 561 4245 torquere
573 4182 729 4245 argumenta·
755 4186 899 4248 -ἣάμφοτί
925 4203 951 4239 ις.
969 4185 1013 4232 sed
1026 4191 1109 4234 tamen
1120 4191 1258 4252 ἀμφοτέροις
1266 4198 1320 4233 non

189 4250 284 4299 tiones:
302 4249 351 4298 hoc
368 4253 432 4297 esset
442 4248 527 4313 ipsum
538 4251 666 4297 auctorem
675 4263 737 4297 corn
775 4249 884 4313 repcucn
903 4264 946 4297 um
963 4254 1063 4298 censent
1078 4265 1125 4314 pro
1139 4254 1258 4314 compto
1270 4255 1319 4314 ἀμ-

188 4316 279 4378 rigere,
295 4315 334 4364 vel
350 4314 450 4380 potius,
466 4313 564 4378 abipso
576 4314 670 4379 scripta
680 4313 728 4363 sol&
776 4319 870 4382 ptrspa.
882 4342 915 4350 —
928 4315 962 4364 In
978 4315 1001 4363 Ε
1018 4319 1055 4374 Τίς
1071 4317 1095 4367 δὲ
1112 4315 1144 4381 (s.
1159 4323 1228 4382 τέχνη
1242 4319 1319 4365 ἀπαλ-

187 4380 290 4431 licitare.
308 4381 402 4430 Omisit
411 4384 498 4428 auctor
505 4379 533 4428 in
543 4380 589 4431 478
599 4379 649 4428 Bf.
658 4395 727 4445 prae·
776 4383 866 4444 λάττει)
877 4385 984 4450 πονηρίας
995 4387 1033 4433 καί
1040 4384 1141 4450 &didm
1153 4387 1211 4447 post
1219 4383 1243 4430 δὲ
1251 4381 1320 4430 exci-

187 4451 225 4496 ter
241 4463 284 4504 ea,
300 4463 364 4511 quae
379 4461 425 4495 nos
442 4445 628 4511 supplevimus,
645 4447 729 4495 omnia
777 4447 816 4494 dit
833 4447 871 4509 δὴ,
889 4463 953 4511 quse
970 4449 1134 4498 concludendi
1149 4447 1239 4498 voculis
1255 4446 1319 4496 ulti-
1343 4494 1345 4499 ,

186 4528 286 4576 quoque
301 4513 409 4577 reliqua,
426 4527 490 4576 quae
505 4511 539 4560 ad
553 4519 593 4572 τὴν
604 4514 663 4570 δίκην
671 4528 728 4593 per·
776 4527 843 4560 mam
857 4513 1045 4576 quaestionum,
1058 4514 1228 4580 exemplorum
1235 4511 1319 4562 instar

70 4582 103 4605 ·’
184 4578 280 4639 tinent,
304 4583 330 4628 et
353 4578 455 4644 scripsit
473 4577 548 4628 haec:
573 4577 671 4648 amp
693 4579 728 4630 οὖν
777 4579 980 4644 praemissarum,
996 4579 1110 4631 comitari
1126 4579 1196 4630 solet.
