<?xml version="1.0" encoding="UTF-8"?>
<!DOCTYPE html PUBLIC "-//W3C//DTD XHTML 1.0 Transitional//EN"
    "http://www.w3.org/TR/xhtml1/DTD/xhtml1-transitional.dtd">
<html xmlns="http://www.w3.org/1999/xhtml" xml:lang="en" lang="en">
 <head>
  <title>
</title>
<meta http-equiv="Content-Type" content="text/html;charset=utf-8" />
  <meta name='ocr-system' content='tesseract 3.04.00' />
  <meta name='ocr-capabilities' content='ocr_page ocr_carea ocr_par ocr_line ocrx_word'/>
</head>
<body>
  <div class='ocr_page' id='page_1' title='image "./platonisgorgias00platgoog_0018.png"; bbox 0 0 3038 5122; ppageno 0'>
   <div class='ocr_carea' id='block_1_1' title="bbox 501 266 1364 365">
    <p class='ocr_par' dir='ltr' id='par_1_1' title="bbox 501 266 1364 365">
     <span class='ocr_line' id='line_1_1' title="bbox 501 266 1364 365; baseline 0 -1"><span class='ocrx_word' id='word_1_1' title='bbox 501 320 503 323; x_wconf 94' lang='lat'>·</span> <span class='ocrx_word' id='word_1_2' title='bbox 595 296 997 364; x_wconf 71' lang='lat' dir='ltr'>paciscuntur.</span> <span class='ocrx_word' id='word_1_3' title='bbox 1175 266 1237 284; x_wconf 81' lang='grc'><strong>”</strong></span> <span class='ocrx_word' id='word_1_4' title='bbox 1304 317 1364 365; x_wconf 75' lang='lat' dir='ltr'>xm</span> 
     </span>
    </p>
   </div>
   <div class='ocr_carea' id='block_1_2' title="bbox 199 502 1365 1655">
    <p class='ocr_par' dir='ltr' id='par_1_2' title="bbox 199 502 1365 1655">
     <span class='ocr_line' id='line_1_2' title="bbox 199 502 1362 592; baseline -0.004 -22"><span class='ocrx_word' id='word_1_5' title='bbox 199 540 208 554; x_wconf 56' lang='grc' dir='ltr'><em>ι</em></span> <span class='ocrx_word' id='word_1_6' title='bbox 239 507 332 592; x_wconf 85' lang='grc'>(666)</span> <span class='ocrx_word' id='word_1_7' title='bbox 352 513 398 570; x_wconf 90' lang='lat' dir='ltr'>est</span> <span class='ocrx_word' id='word_1_8' title='bbox 418 515 562 591; x_wconf 87' lang='lat' dir='ltr'>tanquam</span> <span class='ocrx_word' id='word_1_9' title='bbox 580 505 760 590; x_wconf 84' lang='lat' dir='ltr'>prodromus</span> <span class='ocrx_word' id='word_1_10' title='bbox 775 505 979 590; x_wconf 85' lang='lat' dir='ltr'>reliquorum,</span> <span class='ocrx_word' id='word_1_11' title='bbox 996 507 1044 570; x_wconf 88' lang='lat' dir='ltr'>uti</span> <span class='ocrx_word' id='word_1_12' title='bbox 1061 505 1140 570; x_wconf 83' lang='lat' dir='ltr'>intra</span> <span class='ocrx_word' id='word_1_13' title='bbox 1159 502 1362 572; x_wconf 77' lang='lat' dir='ltr'><strong>ostendemus.</strong></span> 
     </span>
     <span class='ocr_line' id='line_1_3' title="bbox 238 611 1365 697; baseline 0 -21"><span class='ocrx_word' id='word_1_14' title='bbox 238 611 397 676; x_wconf 74' lang='lat' dir='ltr'><strong>Caeterum</strong></span> <span class='ocrx_word' id='word_1_15' title='bbox 429 611 596 697; x_wconf 77' lang='lat' dir='ltr'>syllogismi</span> <span class='ocrx_word' id='word_1_16' title='bbox 626 611 762 678; x_wconf 86' lang='lat' dir='ltr'>iudicant</span> <span class='ocrx_word' id='word_1_17' title='bbox 791 613 888 689; x_wconf 68' lang='grc' dir='ltr'>ἄκμῖνν</span> <span class='ocrx_word' id='word_1_18' title='bbox 920 620 949 676; x_wconf 85' lang='lat' dir='ltr'>ot</span> <span class='ocrx_word' id='word_1_19' title='bbox 982 613 1138 679; x_wconf 82' lang='lat' dir='ltr'>uniuersae</span> <span class='ocrx_word' id='word_1_20' title='bbox 1159 618 1189 674; x_wconf 90' lang='lat' dir='ltr'>et</span> <span class='ocrx_word' id='word_1_21' title='bbox 1213 630 1365 694; x_wconf 55' lang='lat' dir='ltr'>cupasque</span> 
     </span>
     <span class='ocr_line' id='line_1_4' title="bbox 237 715 1363 803; baseline 0 -23"><span class='ocrx_word' id='word_1_22' title='bbox 237 718 451 802; x_wconf 80' lang='lat' dir='ltr'>disputationis</span> <span class='ocrx_word' id='word_1_23' title='bbox 471 718 612 802; x_wconf 85' lang='lat' dir='ltr'>deinceps</span> <span class='ocrx_word' id='word_1_24' title='bbox 632 740 649 779; x_wconf 94' lang='lat' dir='ltr'>a</span> <span class='ocrx_word' id='word_1_25' title='bbox 665 716 785 781; x_wconf 88' lang='lat' dir='ltr'>Socrate</span> <span class='ocrx_word' id='word_1_26' title='bbox 802 716 921 785; x_wconf 85' lang='lat' dir='ltr'>habitae</span> <span class='ocrx_word' id='word_1_27' title='bbox 937 718 1154 803; x_wconf 83' lang='lat' dir='ltr'>primumcum</span> <span class='ocrx_word' id='word_1_28' title='bbox 1170 715 1363 800; x_wconf 84' lang='lat' dir='ltr'>Gorgiatum</span> 
     </span>
     <span class='ocr_line' id='line_1_5' title="bbox 237 819 1363 906; baseline -0.005 -18"><span class='ocrx_word' id='word_1_29' title='bbox 237 847 305 888; x_wconf 92' lang='lat' dir='ltr'>oum</span> <span class='ocrx_word' id='word_1_30' title='bbox 329 824 404 888; x_wconf 90' lang='lat' dir='ltr'>Polo</span> <span class='ocrx_word' id='word_1_31' title='bbox 428 823 601 888; x_wconf 86' lang='lat' dir='ltr'>et&#39;tandem</span> <span class='ocrx_word' id='word_1_32' title='bbox 625 844 694 890; x_wconf 81' lang='lat' dir='ltr'>uum</span> <span class='ocrx_word' id='word_1_33' title='bbox 718 821 859 887; x_wconf 82' lang='lat' dir='ltr'>Callicle:</span> <span class='ocrx_word' id='word_1_34' title='bbox 883 823 928 886; x_wconf 90' lang='lat' dir='ltr'>ita</span> <span class='ocrx_word' id='word_1_35' title='bbox 951 830 986 894; x_wconf 81' lang='lat' dir='ltr'>ut</span> <span class='ocrx_word' id='word_1_36' title='bbox 1009 845 1046 886; x_wconf 80' lang='lat' dir='ltr'>ex</span> <span class='ocrx_word' id='word_1_37' title='bbox 1069 823 1111 886; x_wconf 84' lang='lat' dir='ltr'>ria</span> <span class='ocrx_word' id='word_1_38' title='bbox 1131 821 1280 906; x_wconf 87' lang='lat' dir='ltr'>disposito</span> <span class='ocrx_word' id='word_1_39' title='bbox 1301 819 1363 888; x_wconf 88' lang='lat' dir='ltr'>dia·</span> 
     </span>
     <span class='ocr_line' id='line_1_6' title="bbox 238 927 1361 1014; baseline 0 -22"><span class='ocrx_word' id='word_1_40' title='bbox 238 929 307 1014; x_wconf 90' lang='lat' dir='ltr'>logo</span> <span class='ocrx_word' id='word_1_41' title='bbox 330 930 418 993; x_wconf 87' lang='lat' dir='ltr'>facile</span> <span class='ocrx_word' id='word_1_42' title='bbox 437 937 467 993; x_wconf 92' lang='lat' dir='ltr'>et</span> <span class='ocrx_word' id='word_1_43' title='bbox 487 937 569 993; x_wconf 90' lang='lat' dir='ltr'>certo</span> <span class='ocrx_word' id='word_1_44' title='bbox 593 929 657 1014; x_wconf 85' lang='lat' dir='ltr'>ejus</span> <span class='ocrx_word' id='word_1_45' title='bbox 673 936 886 1013; x_wconf 73' lang='lat' dir='ltr'><strong>argumentum</strong></span> <span class='ocrx_word' id='word_1_46' title='bbox 901 929 1009 992; x_wconf 87' lang='lat' dir='ltr'>confici</span> <span class='ocrx_word' id='word_1_47' title='bbox 1025 928 1131 1013; x_wconf 76' lang='lat' dir='ltr'>possit.</span> <span class='ocrx_word' id='word_1_48' title='bbox 1164 927 1211 992; x_wconf 73' lang='lat' dir='ltr'>iix</span> <span class='ocrx_word' id='word_1_49' title='bbox 1226 927 1361 1012; x_wconf 84' lang='lat' dir='ltr'>capitum</span> 
     </span>
     <span class='ocr_line' id='line_1_7' title="bbox 237 1031 1363 1120; baseline 0.001 -22"><span class='ocrx_word' id='word_1_50' title='bbox 237 1037 314 1098; x_wconf 89' lang='lat' dir='ltr'>euim</span> <span class='ocrx_word' id='word_1_51' title='bbox 339 1034 587 1120; x_wconf 82' lang='lat' dir='ltr'>inscriptionibus</span> <span class='ocrx_word' id='word_1_52' title='bbox 611 1035 713 1104; x_wconf 87' lang='lat' dir='ltr'>statim</span> <span class='ocrx_word' id='word_1_53' title='bbox 737 1045 879 1119; x_wconf 83' lang='lat' dir='ltr'>apparot,</span> <span class='ocrx_word' id='word_1_54' title='bbox 904 1035 1002 1119; x_wconf 84' lang='lat' dir='ltr'>capita</span> <span class='ocrx_word' id='word_1_55' title='bbox 1026 1033 1078 1101; x_wconf 86' lang='lat' dir='ltr'>III</span> <span class='ocrx_word' id='word_1_56' title='bbox 1107 1056 1169 1098; x_wconf 84' lang='lat' dir='ltr'>rem</span> <span class='ocrx_word' id='word_1_57' title='bbox 1193 1031 1363 1108; x_wconf 76' lang='lat' dir='ltr'>contineri,</span> 
     </span>
     <span class='ocr_line' id='line_1_8' title="bbox 237 1137 1362 1225; baseline -0.004 -22"><span class='ocrx_word' id='word_1_58' title='bbox 237 1162 297 1225; x_wconf 91' lang='lat' dir='ltr'>qua</span> <span class='ocrx_word' id='word_1_59' title='bbox 319 1140 356 1204; x_wconf 89' lang='lat' dir='ltr'>de</span> <span class='ocrx_word' id='word_1_60' title='bbox 379 1141 480 1225; x_wconf 81' lang='lat' dir='ltr'>agitur</span> <span class='ocrx_word' id='word_1_61' title='bbox 495 1141 528 1205; x_wconf 91' lang='lat' dir='ltr'>in</span> <span class='ocrx_word' id='word_1_62' title='bbox 542 1141 601 1204; x_wconf 88' lang='lat' dir='ltr'>hoe</span> <span class='ocrx_word' id='word_1_63' title='bbox 617 1140 755 1225; x_wconf 79' lang='lat' dir='ltr'>dialogo:</span> <span class='ocrx_word' id='word_1_64' title='bbox 772 1141 916 1225; x_wconf 76' lang='lat' dir='ltr'>quocirca</span> <span class='ocrx_word' id='word_1_65' title='bbox 931 1139 1056 1206; x_wconf 78' lang='lat' dir='ltr'>inscribi</span> <span class='ocrx_word' id='word_1_66' title='bbox 1071 1149 1173 1225; x_wconf 85' lang='lat' dir='ltr'>posset</span> <span class='ocrx_word' id='word_1_67' title='bbox 1189 1145 1288 1203; x_wconf 88' lang='lat' dir='ltr'>totum</span> <span class='ocrx_word' id='word_1_68' title='bbox 1302 1137 1362 1203; x_wconf 82' lang='lat' dir='ltr'>sie:</span> 
     </span>
     <span class='ocr_line' id='line_1_9' title="bbox 237 1241 1364 1330; baseline -0.002 -21"><span class='ocrx_word' id='word_1_69' title='bbox 237 1247 285 1309; x_wconf 88' lang='lat' dir='ltr'>Dc</span> <span class='ocrx_word' id='word_1_70' title='bbox 307 1268 375 1312; x_wconf 83' lang='grc' dir='ltr'><em>νοοο</em></span> <span class='ocrx_word' id='word_1_71' title='bbox 399 1252 462 1310; x_wconf 80' lang='lat' dir='ltr'>crte</span> <span class='ocrx_word' id='word_1_72' title='bbox 483 1248 628 1310; x_wconf 71' lang='lat' dir='ltr'>auctorare</span> <span class='ocrx_word' id='word_1_73' title='bbox 649 1246 710 1311; x_wconf 81' lang='lat' dir='ltr'>rica</span> <span class='ocrx_word' id='word_1_74' title='bbox 727 1246 865 1327; x_wconf 76' lang='lat' dir='ltr'>politica.</span> <span class='ocrx_word' id='word_1_75' title='bbox 899 1245 957 1309; x_wconf 88' lang='lat' dir='ltr'>Sed</span> <span class='ocrx_word' id='word_1_76' title='bbox 982 1245 1055 1309; x_wconf 89' lang='lat' dir='ltr'>baec</span> <span class='ocrx_word' id='word_1_77' title='bbox 1071 1266 1233 1330; x_wconf 82' lang='lat' dir='ltr'>persequar</span> <span class='ocrx_word' id='word_1_78' title='bbox 1249 1242 1286 1306; x_wconf 86' lang='lat' dir='ltr'>ad</span> <span class='ocrx_word' id='word_1_79' title='bbox 1303 1241 1364 1307; x_wconf 77' lang='lat' dir='ltr'>dia·</span> 
     </span>
     <span class='ocr_line' id='line_1_10' title="bbox 237 1345 1361 1437; baseline 0 -23"><span class='ocrx_word' id='word_1_80' title='bbox 237 1351 300 1436; x_wconf 84' lang='lat' dir='ltr'>logi</span> <span class='ocrx_word' id='word_1_81' title='bbox 323 1359 536 1436; x_wconf 85' lang='lat' dir='ltr'>argumentum</span> <span class='ocrx_word' id='word_1_82' title='bbox 560 1348 792 1415; x_wconf 83' lang='lat' dir='ltr'>describendum</span> <span class='ocrx_word' id='word_1_83' title='bbox 815 1373 1009 1437; x_wconf 84' lang='lat' dir='ltr'>progressus,</span> <span class='ocrx_word' id='word_1_84' title='bbox 1030 1373 1125 1435; x_wconf 89' lang='lat' dir='ltr'>quum</span> <span class='ocrx_word' id='word_1_85' title='bbox 1142 1358 1242 1415; x_wconf 86' lang='lat' dir='ltr'>tamen</span> <span class='ocrx_word' id='word_1_86' title='bbox 1259 1371 1297 1414; x_wconf 91' lang='lat' dir='ltr'>ue</span> <span class='ocrx_word' id='word_1_87' title='bbox 1312 1345 1361 1414; x_wconf 82' lang='lat' dir='ltr'>bia</span> 
     </span>
     <span class='ocr_line' id='line_1_11' title="bbox 238 1456 1363 1542; baseline 0.001 -23"><span class='ocrx_word' id='word_1_88' title='bbox 238 1456 341 1520; x_wconf 91' lang='lat' dir='ltr'>eadem</span> <span class='ocrx_word' id='word_1_89' title='bbox 372 1456 499 1528; x_wconf 85' lang='lat' dir='ltr'>scribam</span> <span class='ocrx_word' id='word_1_90' title='bbox 530 1457 720 1542; x_wconf 83' lang='lat' dir='ltr'>syllogismos</span> <span class='ocrx_word' id='word_1_91' title='bbox 743 1458 825 1542; x_wconf 86' lang='lat' dir='ltr'>ipsos</span> <span class='ocrx_word' id='word_1_92' title='bbox 849 1458 880 1521; x_wconf 94' lang='lat' dir='ltr'>in</span> <span class='ocrx_word' id='word_1_93' title='bbox 904 1456 1152 1523; x_wconf 74' lang='lat' dir='ltr'>annotationibus</span> <span class='ocrx_word' id='word_1_94' title='bbox 1176 1463 1295 1521; x_wconf 84' lang='lat' dir='ltr'>tautum</span> <span class='ocrx_word' id='word_1_95' title='bbox 1318 1475 1363 1527; x_wconf 78' lang='lat' dir='ltr'>ru·</span> 
     </span>
     <span class='ocr_line' id='line_1_12' title="bbox 237 1554 1362 1655; baseline 0 -32"><span class='ocrx_word' id='word_1_96' title='bbox 237 1561 357 1625; x_wconf 90' lang='lat' dir='ltr'>laturus</span> <span class='ocrx_word' id='word_1_97' title='bbox 385 1554 453 1626; x_wconf 86' lang='lat' dir='ltr'>sim.</span> <span class='ocrx_word' id='word_1_98' title='bbox 499 1561 536 1626; x_wconf 96' lang='lat' dir='ltr'>In</span> <span class='ocrx_word' id='word_1_99' title='bbox 564 1561 622 1627; x_wconf 87' lang='lat' dir='ltr'>hoe</span> <span class='ocrx_word' id='word_1_100' title='bbox 646 1570 811 1655; x_wconf 84' lang='lat' dir='ltr'>conspectu</span> <span class='ocrx_word' id='word_1_101' title='bbox 834 1561 912 1647; x_wconf 84' lang='lat' dir='ltr'>nihil</span> <span class='ocrx_word' id='word_1_102' title='bbox 935 1562 972 1626; x_wconf 90' lang='lat' dir='ltr'>de</span> <span class='ocrx_word' id='word_1_103' title='bbox 996 1584 1063 1626; x_wconf 90' lang='lat' dir='ltr'>meo</span> <span class='ocrx_word' id='word_1_104' title='bbox 1086 1561 1195 1626; x_wconf 90' lang='lat' dir='ltr'>addere</span> <span class='ocrx_word' id='word_1_105' title='bbox 1218 1558 1362 1626; x_wconf 86' lang='lat' dir='ltr'>conabor.</span> 
     </span>
    </p>
   </div>
   <div class='ocr_carea' id='block_1_3' title="bbox 625 1779 972 1848">
    <p class='ocr_par' dir='ltr' id='par_1_3' title="bbox 625 1779 972 1848">
     <span class='ocr_line' id='line_1_13' title="bbox 625 1779 972 1848; baseline 0 -4"><span class='ocrx_word' id='word_1_106' title='bbox 625 1779 763 1848; x_wconf 76' lang='lat' dir='ltr'>CAPUT</span> <span class='ocrx_word' id='word_1_107' title='bbox 786 1779 888 1847; x_wconf 77' lang='lat' dir='ltr'>1-ar</span> <span class='ocrx_word' id='word_1_108' title='bbox 935 1779 972 1848; x_wconf 74' lang='lat' dir='ltr'>Ii.</span> 
     </span>
    </p>
   </div>
   <div class='ocr_carea' id='block_1_4' title="bbox 154 1966 1363 2784">
    <p class='ocr_par' dir='ltr' id='par_1_4' title="bbox 154 1966 1362 2263">
     <span class='ocr_line' id='line_1_14' title="bbox 280 1966 1360 2055; baseline 0 -25"><span class='ocrx_word' id='word_1_109' title='bbox 280 1966 418 2033; x_wconf 84' lang='lat' dir='ltr'>Socrates</span> <span class='ocrx_word' id='word_1_110' title='bbox 442 1967 578 2055; x_wconf 89' lang='lat' dir='ltr'>disputat</span> <span class='ocrx_word' id='word_1_111' title='bbox 601 1989 670 2032; x_wconf 87' lang='lat' dir='ltr'>eum</span> <span class='ocrx_word' id='word_1_112' title='bbox 690 1967 803 2052; x_wconf 83' lang='lat' dir='ltr'>Gorgia</span> <span class='ocrx_word' id='word_1_113' title='bbox 819 2005 863 2017; x_wconf 90' lang='lat'>—</span> <span class='ocrx_word' id='word_1_114' title='bbox 878 1971 961 2054; x_wconf 79' lang='lat'>466,</span> <span class='ocrx_word' id='word_1_115' title='bbox 979 1969 1032 2054; x_wconf 91' lang='lat' dir='ltr'>qui</span> <span class='ocrx_word' id='word_1_116' title='bbox 1047 1968 1126 2050; x_wconf 66' lang='grc' dir='ltr'>λόγῳ</span> <span class='ocrx_word' id='word_1_117' title='bbox 1144 1966 1360 2052; x_wconf 87' lang='lat' dir='ltr'>(syllogistico)</span> 
     </span>
     <span class='ocr_line' id='line_1_15' title="bbox 154 2072 1362 2159; baseline -0.002 -20"><span class='ocrx_word' id='word_1_118' title='bbox 154 2103 156 2106; x_wconf 92' lang='lat'>·</span> <span class='ocrx_word' id='word_1_119' title='bbox 235 2073 424 2139; x_wconf 83' lang='lat' dir='ltr'>convincitur</span> <span class='ocrx_word' id='word_1_120' title='bbox 447 2073 478 2135; x_wconf 92' lang='lat' dir='ltr'>iu</span> <span class='ocrx_word' id='word_1_121' title='bbox 503 2075 566 2136; x_wconf 90' lang='grc'>666</span> <span class='ocrx_word' id='word_1_122' title='bbox 591 2072 632 2136; x_wconf 84' lang='grc' dir='ltr'>Β;</span> <span class='ocrx_word' id='word_1_123' title='bbox 656 2095 725 2136; x_wconf 90' lang='lat' dir='ltr'>cum</span> <span class='ocrx_word' id='word_1_124' title='bbox 748 2073 823 2137; x_wconf 90' lang='lat' dir='ltr'>Polo</span> <span class='ocrx_word' id='word_1_125' title='bbox 846 2113 891 2124; x_wconf 87' lang='lat'><em>-</em></span> <span class='ocrx_word' id='word_1_126' title='bbox 913 2076 976 2139; x_wconf 86' lang='grc'>679</span> <span class='ocrx_word' id='word_1_127' title='bbox 999 2073 1043 2153; x_wconf 77' lang='lat' dir='ltr'>G,</span> <span class='ocrx_word' id='word_1_128' title='bbox 1067 2074 1121 2158; x_wconf 90' lang='lat' dir='ltr'>qui</span> <span class='ocrx_word' id='word_1_129' title='bbox 1142 2076 1238 2150; x_wconf 70' lang='grc' dir='ltr'><em>λόγοις</em></span> <span class='ocrx_word' id='word_1_130' title='bbox 1259 2072 1362 2159; x_wconf 76' lang='lat' dir='ltr'>(syllo-</span> 
     </span>
     <span class='ocr_line' id='line_1_16' title="bbox 236 2169 986 2263; baseline 0.004 -22"><span class='ocrx_word' id='word_1_131' title='bbox 236 2178 365 2263; x_wconf 83' lang='lat' dir='ltr'>gisticis)</span> <span class='ocrx_word' id='word_1_132' title='bbox 391 2169 581 2241; x_wconf 83' lang='lat' dir='ltr'>convincitur</span> <span class='ocrx_word' id='word_1_133' title='bbox 603 2178 636 2248; x_wconf 91' lang='lat' dir='ltr'>in</span> <span class='ocrx_word' id='word_1_134' title='bbox 659 2180 722 2243; x_wconf 83' lang='grc'>675</span> <span class='ocrx_word' id='word_1_135' title='bbox 749 2186 779 2242; x_wconf 89' lang='lat' dir='ltr'>et</span> <span class='ocrx_word' id='word_1_136' title='bbox 802 2181 986 2250; x_wconf 84' lang='grc'>676-679.</span> 
     </span>
    </p>

    <p class='ocr_par' dir='ltr' id='par_1_5' title="bbox 235 2283 1363 2680">
     <span class='ocr_line' id='line_1_17' title="bbox 279 2283 1363 2370; baseline 0.002 -24"><span class='ocrx_word' id='word_1_137' title='bbox 279 2284 378 2348; x_wconf 89' lang='lat' dir='ltr'>Sectio</span> <span class='ocrx_word' id='word_1_138' title='bbox 409 2283 534 2348; x_wconf 78' lang='lat'><strong>1-473</strong></span> <span class='ocrx_word' id='word_1_139' title='bbox 565 2283 593 2346; x_wconf 94' lang='lat' dir='ltr'>D</span> <span class='ocrx_word' id='word_1_140' title='bbox 624 2284 693 2370; x_wconf 70' lang='grc'>51.</span> <span class='ocrx_word' id='word_1_141' title='bbox 739 2285 794 2358; x_wconf 82' lang='grc' dir='ltr'>Τίς</span> <span class='ocrx_word' id='word_1_142' title='bbox 826 2287 921 2360; x_wconf 70' lang='grc' dir='ltr'><em>ἡτῶν</em></span> <span class='ocrx_word' id='word_1_143' title='bbox 949 2291 1092 2366; x_wconf 74' lang='grc' dir='ltr'><em>σοφιστῶν</em></span> <span class='ocrx_word' id='word_1_144' title='bbox 1114 2286 1239 2367; x_wconf 69' lang='grc' dir='ltr'>ῥητορικὴ</span> <span class='ocrx_word' id='word_1_145' title='bbox 1259 2306 1363 2348; x_wconf 89' lang='lat' dir='ltr'>secun·</span> 
     </span>
     <span class='ocr_line' id='line_1_18' title="bbox 237 2388 1362 2474; baseline 0.002 -22"><span class='ocrx_word' id='word_1_146' title='bbox 237 2389 309 2452; x_wconf 89' lang='lat' dir='ltr'>dum</span> <span class='ocrx_word' id='word_1_147' title='bbox 342 2388 495 2472; x_wconf 83' lang='lat' dir='ltr'>Gorgiam.</span> <span class='ocrx_word' id='word_1_148' title='bbox 519 2389 536 2473; x_wconf 69' lang='grc'>5</span> <span class='ocrx_word' id='word_1_149' title='bbox 560 2390 589 2452; x_wconf 77' lang='grc'>9.</span> <span class='ocrx_word' id='word_1_150' title='bbox 624 2389 680 2461; x_wconf 79' lang='grc' dir='ltr'>Τίς</span> <span class='ocrx_word' id='word_1_151' title='bbox 715 2392 731 2468; x_wconf 79' lang='grc' dir='ltr'><strong><em>ἡ</em></strong></span> <span class='ocrx_word' id='word_1_152' title='bbox 765 2390 881 2466; x_wconf 67' lang='grc' dir='ltr'>ἀληθινὴ</span> <span class='ocrx_word' id='word_1_153' title='bbox 913 2391 1080 2455; x_wconf 90' lang='lat' dir='ltr'>secundum</span> <span class='ocrx_word' id='word_1_154' title='bbox 1104 2388 1267 2454; x_wconf 82' lang='lat' dir='ltr'>Socratem.</span> <span class='ocrx_word' id='word_1_155' title='bbox 1291 2391 1308 2474; x_wconf 69' lang='grc'>6</span> <span class='ocrx_word' id='word_1_156' title='bbox 1332 2393 1362 2454; x_wconf 86' lang='grc'>3.</span> 
     </span>
     <span class='ocr_line' id='line_1_19' title="bbox 235 2493 1363 2576; baseline 0.001 -18"><span class='ocrx_word' id='word_1_157' title='bbox 235 2496 289 2565; x_wconf 76' lang='grc' dir='ltr'>Τίς</span> <span class='ocrx_word' id='word_1_158' title='bbox 321 2497 337 2570; x_wconf 76' lang='grc' dir='ltr'><em>ἡ</em></span> <span class='ocrx_word' id='word_1_159' title='bbox 368 2500 423 2559; x_wconf 89' lang='grc' dir='ltr'>τῶν</span> <span class='ocrx_word' id='word_1_160' title='bbox 445 2497 589 2576; x_wconf 77' lang='grc' dir='ltr'><em>σοφιστῶν</em></span> <span class='ocrx_word' id='word_1_161' title='bbox 613 2494 780 2559; x_wconf 89' lang='lat' dir='ltr'>seeundum</span> <span class='ocrx_word' id='word_1_162' title='bbox 804 2495 964 2561; x_wconf 89' lang='lat' dir='ltr'>Socratem.</span> <span class='ocrx_word' id='word_1_163' title='bbox 998 2497 1098 2560; x_wconf 89' lang='lat' dir='ltr'>Sectio</span> <span class='ocrx_word' id='word_1_164' title='bbox 1121 2495 1165 2560; x_wconf 86' lang='grc' dir='ltr'>ΙΙ.</span> <span class='ocrx_word' id='word_1_165' title='bbox 1188 2496 1245 2567; x_wconf 76' lang='grc' dir='ltr'>Τίς</span> <span class='ocrx_word' id='word_1_166' title='bbox 1268 2493 1363 2560; x_wconf 68' lang='lat' dir='ltr'>addai-</span> 
     </span>
     <span class='ocr_line' id='line_1_20' title="bbox 235 2587 779 2680; baseline 0 -4"><span class='ocrx_word' id='word_1_167' title='bbox 235 2624 316 2680; x_wconf 81' lang='grc' dir='ltr'>ννν.</span> <span class='ocrx_word' id='word_1_168' title='bbox 339 2600 383 2671; x_wconf 68' lang='grc' dir='ltr'>τίς</span> <span class='ocrx_word' id='word_1_169' title='bbox 406 2601 458 2678; x_wconf 71' lang='grc' dir='ltr'>νή·</span> <span class='ocrx_word' id='word_1_170' title='bbox 776 2587 779 2593; x_wconf 63' lang='grc'>’</span> 
     </span>
    </p>

    <p class='ocr_par' dir='ltr' id='par_1_6' title="bbox 645 2704 957 2784">
     <span class='ocr_line' id='line_1_21' title="bbox 645 2704 957 2784; baseline 0.013 -16"><span class='ocrx_word' id='word_1_171' title='bbox 645 2704 744 2784; x_wconf 82' lang='lat' dir='ltr'>Sectis</span> <span class='ocrx_word' id='word_1_172' title='bbox 767 2704 893 2770; x_wconf 83' lang='grc' dir='ltr'>Ι-673</span> <span class='ocrx_word' id='word_1_173' title='bbox 919 2707 957 2772; x_wconf 89' lang='lat' dir='ltr'>D.</span> 
     </span>
    </p>
   </div>
   <div class='ocr_carea' id='block_1_5' title="bbox 301 2846 1301 3068">
    <p class='ocr_par' dir='ltr' id='par_1_7' title="bbox 301 2846 1301 3068">
     <span class='ocr_line' id='line_1_22' title="bbox 663 2846 959 2939; baseline -0.003 -26"><span class='ocrx_word' id='word_1_174' title='bbox 663 2847 698 2930; x_wconf 70' lang='grc' dir='ltr'>Δ5</span> <span class='ocrx_word' id='word_1_175' title='bbox 724 2847 851 2913; x_wconf 74' lang='grc'>1-666</span> <span class='ocrx_word' id='word_1_176' title='bbox 876 2846 914 2912; x_wconf 86' lang='grc' dir='ltr'>Α.</span> <span class='ocrx_word' id='word_1_177' title='bbox 956 2932 959 2939; x_wconf 24' lang='lat'>¹</span> 
     </span>
     <span class='ocr_line' id='line_1_23' title="bbox 301 2962 1301 3068; baseline 0.002 -23"><span class='ocrx_word' id='word_1_178' title='bbox 301 2984 364 3054; x_wconf 76' lang='grc' dir='ltr'>Τίς</span> <span class='ocrx_word' id='word_1_179' title='bbox 399 2985 416 3057; x_wconf 72' lang='grc' dir='ltr'><strong><em>ἡ</em></strong></span> <span class='ocrx_word' id='word_1_180' title='bbox 450 2988 516 3047; x_wconf 90' lang='grc' dir='ltr'>τῶν</span> <span class='ocrx_word' id='word_1_181' title='bbox 549 2989 728 3059; x_wconf 81' lang='grc' dir='ltr'><em>σοΦοστῶν</em></span> <span class='ocrx_word' id='word_1_182' title='bbox 757 2962 920 3064; x_wconf 53' lang='grc' dir='ltr'><em>ῥῖτοονκίο</em></span> <span class='ocrx_word' id='word_1_183' title='bbox 950 2983 1116 3048; x_wconf 86' lang='lat' dir='ltr'>secundum</span> <span class='ocrx_word' id='word_1_184' title='bbox 1147 2984 1301 3068; x_wconf 83' lang='lat' dir='ltr'>Gorgiam.</span> 
     </span>
    </p>
   </div>
   <div class='ocr_carea' id='block_1_6' title="bbox 333 3120 1269 3314">
    <p class='ocr_par' dir='ltr' id='par_1_8' title="bbox 333 3120 1269 3314">
     <span class='ocr_line' id='line_1_24' title="bbox 333 3120 1269 3208; baseline 0.003 -25"><span class='ocrx_word' id='word_1_185' title='bbox 333 3121 377 3204; x_wconf 92' lang='lat' dir='ltr'>(in</span> <span class='ocrx_word' id='word_1_186' title='bbox 402 3123 465 3184; x_wconf 89' lang='grc'>668</span> <span class='ocrx_word' id='word_1_187' title='bbox 491 3120 514 3184; x_wconf 89' lang='lat' dir='ltr'>G</span> <span class='ocrx_word' id='word_1_188' title='bbox 538 3121 650 3207; x_wconf 90' lang='lat' dir='ltr'>legitur</span> <span class='ocrx_word' id='word_1_189' title='bbox 674 3124 823 3207; x_wconf 88' lang='lat' dir='ltr'>specimen</span> <span class='ocrx_word' id='word_1_190' title='bbox 848 3123 966 3207; x_wconf 87' lang='lat' dir='ltr'>insigne</span> <span class='ocrx_word' id='word_1_191' title='bbox 990 3123 1130 3187; x_wconf 87' lang='lat' dir='ltr'>dictionis</span> <span class='ocrx_word' id='word_1_192' title='bbox 1154 3122 1269 3208; x_wconf 90' lang='lat' dir='ltr'>sophis-</span> 
     </span>
     <span class='ocr_line' id='line_1_25' title="bbox 421 3227 1173 3314; baseline 0.007 -25"><span class='ocrx_word' id='word_1_193' title='bbox 421 3227 676 3306; x_wconf 86' lang='lat' dir='ltr'>tico-rhetoricae,</span> <span class='ocrx_word' id='word_1_194' title='bbox 702 3229 792 3293; x_wconf 90' lang='lat' dir='ltr'>etiam</span> <span class='ocrx_word' id='word_1_195' title='bbox 816 3229 965 3314; x_wconf 88' lang='lat' dir='ltr'>insignius</span> <span class='ocrx_word' id='word_1_196' title='bbox 986 3229 1018 3292; x_wconf 90' lang='lat' dir='ltr'>in</span> <span class='ocrx_word' id='word_1_197' title='bbox 1040 3228 1173 3314; x_wconf 76' lang='grc'>65616).</span> 
     </span>
    </p>
   </div>
   <div class='ocr_carea' id='block_1_7' title="bbox 280 3364 1475 3450">
    <p class='ocr_par' dir='ltr' id='par_1_9' title="bbox 280 3364 1475 3450">
     <span class='ocr_line' id='line_1_26' title="bbox 280 3364 1475 3450; baseline 0.006 -24"><span class='ocrx_word' id='word_1_198' title='bbox 280 3364 407 3447; x_wconf 84' lang='lat' dir='ltr'>Gorgias</span> <span class='ocrx_word' id='word_1_199' title='bbox 441 3374 535 3429; x_wconf 89' lang='lat' dir='ltr'>artem</span> <span class='ocrx_word' id='word_1_200' title='bbox 566 3388 652 3429; x_wconf 89' lang='lat' dir='ltr'>suam</span> <span class='ocrx_word' id='word_1_201' title='bbox 684 3389 748 3430; x_wconf 84' lang='lat' dir='ltr'>esse</span> <span class='ocrx_word' id='word_1_202' title='bbox 778 3370 919 3449; x_wconf 64' lang='lat' dir='ltr'>§marrata</span> <span class='ocrx_word' id='word_1_203' title='bbox 948 3368 1076 3445; x_wconf 88' lang='lat' dir='ltr'>fatetur,</span> <span class='ocrx_word' id='word_1_204' title='bbox 1101 3391 1132 3432; x_wconf 89' lang='lat' dir='ltr'>se</span> <span class='ocrx_word' id='word_1_205' title='bbox 1154 3369 1256 3449; x_wconf 72' lang='grc' dir='ltr'><em>ῥήτορσι</em></span> <span class='ocrx_word' id='word_1_206' title='bbox 1279 3390 1361 3444; x_wconf 88' lang='lat' dir='ltr'>esse,</span> <span class='ocrx_word' id='word_1_207' title='bbox 1474 3447 1475 3450; x_wconf 8' lang='grc' dir='ltr'><strong>Ἴ</strong></span> 
     </span>
    </p>
   </div>
   <div class='ocr_carea' id='block_1_8' title="bbox 147 3467 1422 4621">
    <p class='ocr_par' dir='ltr' id='par_1_10' title="bbox 232 3467 1362 4298">
     <span class='ocr_line' id='line_1_27' title="bbox 234 3467 1362 3554; baseline 0.006 -24"><span class='ocrx_word' id='word_1_208' title='bbox 234 3467 351 3552; x_wconf 89' lang='lat' dir='ltr'>sibique</span> <span class='ocrx_word' id='word_1_209' title='bbox 375 3469 548 3534; x_wconf 88' lang='lat' dir='ltr'>facultatem</span> <span class='ocrx_word' id='word_1_210' title='bbox 573 3494 637 3534; x_wconf 86' lang='lat' dir='ltr'>esse</span> <span class='ocrx_word' id='word_1_211' title='bbox 660 3471 735 3536; x_wconf 89' lang='lat' dir='ltr'>alios</span> <span class='ocrx_word' id='word_1_212' title='bbox 757 3473 874 3554; x_wconf 73' lang='grc' dir='ltr'><em>ῥήτορος</em></span> <span class='ocrx_word' id='word_1_213' title='bbox 892 3473 1038 3539; x_wconf 89' lang='lat' dir='ltr'>reddendi</span> <span class='ocrx_word' id='word_1_214' title='bbox 1053 3511 1096 3521; x_wconf 92' lang='lat'>-</span> <span class='ocrx_word' id='word_1_215' title='bbox 1113 3476 1175 3537; x_wconf 88' lang='grc'>669</span> <span class='ocrx_word' id='word_1_216' title='bbox 1194 3473 1232 3536; x_wconf 93' lang='lat' dir='ltr'>D.</span> <span class='ocrx_word' id='word_1_217' title='bbox 1257 3474 1362 3537; x_wconf 83' lang='lat' dir='ltr'>Artem</span> 
     </span>
     <span class='ocr_line' id='line_1_28' title="bbox 234 3575 1361 3662; baseline 0.005 -25"><span class='ocrx_word' id='word_1_218' title='bbox 234 3597 316 3638; x_wconf 88' lang='lat' dir='ltr'>suam</span> <span class='ocrx_word' id='word_1_219' title='bbox 353 3575 512 3659; x_wconf 87' lang='lat' dir='ltr'>deinceps,</span> <span class='ocrx_word' id='word_1_220' title='bbox 545 3576 664 3641; x_wconf 85' lang='lat' dir='ltr'>Socrate</span> <span class='ocrx_word' id='word_1_221' title='bbox 698 3578 843 3643; x_wconf 88' lang='lat' dir='ltr'>sermonis</span> <span class='ocrx_word' id='word_1_222' title='bbox 874 3601 991 3662; x_wconf 83' lang='lat' dir='ltr'>semper</span> <span class='ocrx_word' id='word_1_223' title='bbox 1015 3577 1109 3661; x_wconf 84' lang='lat' dir='ltr'>duee,</span> <span class='ocrx_word' id='word_1_224' title='bbox 1134 3580 1178 3643; x_wconf 90' lang='lat' dir='ltr'>sic</span> <span class='ocrx_word' id='word_1_225' title='bbox 1201 3577 1361 3643; x_wconf 87' lang='lat' dir='ltr'>describit:</span> 
     </span>
     <span class='ocr_line' id='line_1_29' title="bbox 234 3682 1361 3764; baseline 0.003 -21"><span class='ocrx_word' id='word_1_226' title='bbox 234 3682 250 3753; x_wconf 77' lang='grc' dir='ltr'><strong><em>ἡ</em></strong></span> <span class='ocrx_word' id='word_1_227' title='bbox 282 3683 406 3760; x_wconf 64' lang='grc' dir='ltr'>ῥητορικὴ</span> <span class='ocrx_word' id='word_1_228' title='bbox 439 3689 484 3744; x_wconf 93' lang='lat' dir='ltr'>est</span> <span class='ocrx_word' id='word_1_229' title='bbox 515 3685 659 3758; x_wconf 76' lang='grc' dir='ltr'><em>ἒτνσσήμν</em></span> <span class='ocrx_word' id='word_1_230' title='bbox 690 3684 754 3764; x_wconf 80' lang='grc' dir='ltr'>περὶ</span> <span class='ocrx_word' id='word_1_231' title='bbox 779 3682 884 3760; x_wconf 74' lang='grc' dir='ltr'><em>λόγους</em></span> <span class='ocrx_word' id='word_1_232' title='bbox 907 3721 952 3734; x_wconf 86' lang='lat'><em>-</em></span> <span class='ocrx_word' id='word_1_233' title='bbox 974 3689 1037 3750; x_wconf 87' lang='grc'>669</span> <span class='ocrx_word' id='word_1_234' title='bbox 1063 3684 1106 3761; x_wconf 78' lang='grc' dir='ltr'>Ε,</span> <span class='ocrx_word' id='word_1_235' title='bbox 1130 3685 1163 3748; x_wconf 94' lang='lat' dir='ltr'>hi</span> <span class='ocrx_word' id='word_1_236' title='bbox 1185 3683 1266 3762; x_wconf 72' lang='grc' dir='ltr'><em>λόγον</em></span> <span class='ocrx_word' id='word_1_237' title='bbox 1289 3691 1361 3747; x_wconf 88' lang='lat' dir='ltr'>sunt</span> 
     </span>
     <span class='ocr_line' id='line_1_30' title="bbox 233 3785 1361 3870; baseline 0.004 -22"><span class='ocrx_word' id='word_1_238' title='bbox 233 3785 295 3864; x_wconf 74' lang='grc' dir='ltr'>περὶ</span> <span class='ocrx_word' id='word_1_239' title='bbox 318 3788 358 3850; x_wconf 78' lang='grc' dir='ltr'>τοὶ</span> <span class='ocrx_word' id='word_1_240' title='bbox 382 3787 515 3864; x_wconf 70' lang='grc' dir='ltr'><em>μέγιστον</em></span> <span class='ocrx_word' id='word_1_241' title='bbox 537 3794 591 3852; x_wconf 85' lang='grc' dir='ltr'>τῶν</span> <span class='ocrx_word' id='word_1_242' title='bbox 615 3789 788 3866; x_wconf 69' lang='grc' dir='ltr'><em>ἀνθρωπείων</em></span> <span class='ocrx_word' id='word_1_243' title='bbox 812 3793 981 3870; x_wconf 58' lang='lat' dir='ltr'>apricam</span> <span class='ocrx_word' id='word_1_244' title='bbox 1005 3790 1024 3853; x_wconf 89' lang='lat' dir='ltr'>i.</span> <span class='ocrx_word' id='word_1_245' title='bbox 1044 3812 1068 3853; x_wconf 92' lang='grc'>6.</span> <span class='ocrx_word' id='word_1_246' title='bbox 1094 3791 1126 3854; x_wconf 76' lang='grc' dir='ltr'>τὸ</span> <span class='ocrx_word' id='word_1_247' title='bbox 1145 3789 1283 3867; x_wconf 72' lang='grc' dir='ltr'><em>μέγιστον</em></span> <span class='ocrx_word' id='word_1_248' title='bbox 1302 3797 1361 3862; x_wconf 80' lang='grc' dir='ltr'><em>τοῖς</em></span> 
     </span>
     <span class='ocr_line' id='line_1_31' title="bbox 232 3890 1360 3977; baseline 0.007 -25"><span class='ocrx_word' id='word_1_249' title='bbox 232 3891 381 3971; x_wconf 73' lang='grc' dir='ltr'><em>οὶνῶρῶτονς</em></span> <span class='ocrx_word' id='word_1_250' title='bbox 412 3890 542 3970; x_wconf 54' lang='lat' dir='ltr'>crarta,</span> <span class='ocrx_word' id='word_1_251' title='bbox 575 3894 657 3977; x_wconf 90' lang='lat' dir='ltr'>quod</span> <span class='ocrx_word' id='word_1_252' title='bbox 687 3893 777 3963; x_wconf 78' lang='grc' dir='ltr'><em>ονῖτοον</em></span> <span class='ocrx_word' id='word_1_253' title='bbox 806 3895 874 3973; x_wconf 65' lang='lat' dir='ltr'>aaa</span> <span class='ocrx_word' id='word_1_254' title='bbox 904 3897 1062 3975; x_wconf 61' lang='grc' dir='ltr'>ἐλευθερίοις</span> <span class='ocrx_word' id='word_1_255' title='bbox 1090 3900 1186 3968; x_wconf 75' lang='grc' dir='ltr'><em>αὐτοῖς</em></span> <span class='ocrx_word' id='word_1_256' title='bbox 1217 3895 1285 3974; x_wconf 69' lang='grc' dir='ltr'><em>οἶμον</em></span> <span class='ocrx_word' id='word_1_257' title='bbox 1311 3899 1360 3961; x_wconf 85' lang='grc' dir='ltr'>τοῦ</span> 
     </span>
     <span class='ocr_line' id='line_1_32' title="bbox 232 3994 1362 4082; baseline 0.006 -19"><span class='ocrx_word' id='word_1_258' title='bbox 232 3994 332 4075; x_wconf 69' lang='grc' dir='ltr'><em>ἄρχειν</em></span> <span class='ocrx_word' id='word_1_259' title='bbox 364 4005 419 4062; x_wconf 87' lang='grc' dir='ltr'>τῶν</span> <span class='ocrx_word' id='word_1_260' title='bbox 449 3996 548 4062; x_wconf 70' lang='grc' dir='ltr'><em>ἄλλων</em></span> <span class='ocrx_word' id='word_1_261' title='bbox 579 4003 607 4063; x_wconf 85' lang='grc' dir='ltr'>ἐν</span> <span class='ocrx_word' id='word_1_262' title='bbox 637 4009 674 4079; x_wconf 68' lang='grc' dir='ltr'>τῇ</span> <span class='ocrx_word' id='word_1_263' title='bbox 707 4002 810 4065; x_wconf 64' lang='lat' dir='ltr'>§aveat</span> <span class='ocrx_word' id='word_1_264' title='bbox 841 4001 924 4067; x_wconf 76' lang='grc' dir='ltr'><strong><em>πόλει</em></strong></span> <span class='ocrx_word' id='word_1_265' title='bbox 955 4001 1067 4082; x_wconf 65' lang='lat' dir='ltr'>{stirap</span> <span class='ocrx_word' id='word_1_266' title='bbox 1090 4040 1134 4051; x_wconf 85' lang='lat'>—·</span> <span class='ocrx_word' id='word_1_267' title='bbox 1156 4005 1220 4069; x_wconf 80' lang='grc'>652</span> <span class='ocrx_word' id='word_1_268' title='bbox 1252 4002 1299 4080; x_wconf 88' lang='lat' dir='ltr'>D,</span> <span class='ocrx_word' id='word_1_269' title='bbox 1331 4009 1362 4071; x_wconf 77' lang='lat' dir='ltr'>et</span> 
     </span>
     <span class='ocr_line' id='line_1_33' title="bbox 233 4102 1360 4187; baseline 0.008 -23"><span class='ocrx_word' id='word_1_270' title='bbox 233 4102 315 4183; x_wconf 90' lang='lat' dir='ltr'>quod</span> <span class='ocrx_word' id='word_1_271' title='bbox 338 4103 436 4187; x_wconf 89' lang='lat' dir='ltr'>ipsum</span> <span class='ocrx_word' id='word_1_272' title='bbox 461 4109 507 4168; x_wconf 89' lang='lat' dir='ltr'>est</span> <span class='ocrx_word' id='word_1_273' title='bbox 528 4105 561 4170; x_wconf 83' lang='grc' dir='ltr'>τὸ</span> <span class='ocrx_word' id='word_1_274' title='bbox 587 4108 691 4173; x_wconf 77' lang='lat' dir='ltr'>usitata</span> <span class='ocrx_word' id='word_1_275' title='bbox 713 4102 767 4172; x_wconf 79' lang='lat' dir='ltr'>oia&#39;a</span> <span class='ocrx_word' id='word_1_276' title='bbox 789 4109 816 4171; x_wconf 88' lang='grc' dir='ltr'>τ’</span> <span class='ocrx_word' id='word_1_277' title='bbox 838 4103 908 4173; x_wconf 75' lang='lat' dir='ltr'>sirau</span> <span class='ocrx_word' id='word_1_278' title='bbox 932 4109 973 4171; x_wconf 71' lang='lat' dir='ltr'>rat</span> <span class='ocrx_word' id='word_1_279' title='bbox 996 4108 1090 4184; x_wconf 68' lang='lat' dir='ltr'>satida</span> <span class='ocrx_word' id='word_1_280' title='bbox 1113 4110 1142 4173; x_wconf 84' lang='grc' dir='ltr'>ἐν</span> <span class='ocrx_word' id='word_1_281' title='bbox 1164 4107 1253 4173; x_wconf 72' lang='lat' dir='ltr'>ratri</span> <span class='ocrx_word' id='word_1_282' title='bbox 1280 4123 1360 4173; x_wconf 70' lang='lat' dir='ltr'>aaut·</span> 
     </span>
     <span class='ocr_line' id='line_1_34' title="bbox 232 4210 1361 4298; baseline 0.006 -27"><span class='ocrx_word' id='word_1_283' title='bbox 232 4210 300 4287; x_wconf 79' lang='grc' dir='ltr'>τνκῷ</span> <span class='ocrx_word' id='word_1_284' title='bbox 323 4210 458 4289; x_wconf 74' lang='grc' dir='ltr'><em>συλλόγῳ</em></span> <span class='ocrx_word' id='word_1_285' title='bbox 481 4249 525 4258; x_wconf 89' lang='lat'>-</span> <span class='ocrx_word' id='word_1_286' title='bbox 547 4214 611 4274; x_wconf 82' lang='grc'>659</span> <span class='ocrx_word' id='word_1_287' title='bbox 637 4211 679 4275; x_wconf 79' lang='lat' dir='ltr'>E:</span> <span class='ocrx_word' id='word_1_288' title='bbox 699 4214 803 4298; x_wconf 83' lang='lat' dir='ltr'>itaque</span> <span class='ocrx_word' id='word_1_289' title='bbox 824 4216 840 4288; x_wconf 73' lang='grc' dir='ltr'>οἱ</span> <span class='ocrx_word' id='word_1_290' title='bbox 862 4215 1048 4293; x_wconf 70' lang='grc' dir='ltr'>ῥητοον66666</span> <span class='ocrx_word' id='word_1_291' title='bbox 1066 4216 1176 4287; x_wconf 69' lang='grc' dir='ltr'>πειθοῦς</span> <span class='ocrx_word' id='word_1_292' title='bbox 1193 4213 1361 4295; x_wconf 70' lang='grc' dir='ltr'>δημιουργὸς</span> 
     </span>
    </p>

    <p class='ocr_par' dir='ltr' id='par_1_11' title="bbox 147 4314 1422 4621">
     <span class='ocr_line' id='line_1_35' title="bbox 281 4314 1361 4403; baseline 0.008 -28"><span class='ocrx_word' id='word_1_293' title='bbox 281 4316 310 4395; x_wconf 83' lang='grc'>1)</span> <span class='ocrx_word' id='word_1_294' title='bbox 334 4314 395 4392; x_wconf 80' lang='lat' dir='ltr'>rrspi</span> <span class='ocrx_word' id='word_1_295' title='bbox 418 4317 609 4383; x_wconf 73' lang='grc' dir='ltr'><em>τῶν-δονοοῶνν</em></span> <span class='ocrx_word' id='word_1_296' title='bbox 631 4342 664 4382; x_wconf 81' lang='grc' dir='ltr'>τε</span> <span class='ocrx_word' id='word_1_297' title='bbox 687 4319 736 4386; x_wconf 76' lang='lat' dir='ltr'>aui</span> <span class='ocrx_word' id='word_1_298' title='bbox 760 4319 863 4384; x_wconf 71' lang='grc' dir='ltr'><em>ῶδίκοον</em></span> <span class='ocrx_word' id='word_1_299' title='bbox 888 4357 931 4366; x_wconf 94' lang='grc'>-</span> <span class='ocrx_word' id='word_1_300' title='bbox 953 4322 1019 4382; x_wconf 87' lang='grc'>656</span> <span class='ocrx_word' id='word_1_301' title='bbox 1042 4319 1068 4381; x_wconf 92' lang='grc' dir='ltr'>Β</span> <span class='ocrx_word' id='word_1_302' title='bbox 1094 4321 1183 4403; x_wconf 87' lang='lat' dir='ltr'>(quae</span> <span class='ocrx_word' id='word_1_303' title='bbox 1207 4321 1291 4388; x_wconf 72' lang='lat' dir='ltr'>arsatii</span> <span class='ocrx_word' id='word_1_304' title='bbox 1315 4327 1361 4385; x_wconf 85' lang='lat' dir='ltr'>est</span> 
     </span>
     <span class='ocr_line' id='line_1_36' title="bbox 233 4421 1422 4510; baseline 0.011 -28"><span class='ocrx_word' id='word_1_305' title='bbox 233 4421 487 4495; x_wconf 62' lang='lat' dir='ltr'>accrescatis.</span> <span class='ocrx_word' id='word_1_306' title='bbox 513 4423 609 4487; x_wconf 77' lang='grc' dir='ltr'><em>πίστιν</em></span> <span class='ocrx_word' id='word_1_307' title='bbox 634 4426 818 4504; x_wconf 72' lang='grc' dir='ltr'>παρεχομένη</span> <span class='ocrx_word' id='word_1_308' title='bbox 843 4423 911 4490; x_wconf 71' lang='grc' dir='ltr'>ἄνευ</span> <span class='ocrx_word' id='word_1_309' title='bbox 932 4431 983 4491; x_wconf 83' lang='grc' dir='ltr'>τοῦ</span> <span class='ocrx_word' id='word_1_310' title='bbox 1007 4425 1124 4494; x_wconf 74' lang='grc' dir='ltr'><em>εἰδένοννε</em></span> <span class='ocrx_word' id='word_1_311' title='bbox 1150 4426 1252 4510; x_wconf 89' lang='lat' dir='ltr'>itaque</span> <span class='ocrx_word' id='word_1_312' title='bbox 1271 4428 1360 4509; x_wconf 75' lang='grc' dir='ltr'><em>ῥήτωρ</em></span> <span class='ocrx_word' id='word_1_313' title='bbox 1420 4454 1422 4458; x_wconf 75' lang='grc'>’</span> 
     </span>
     <span class='ocr_line' id='line_1_37' title="bbox 147 4527 1012 4621; baseline 0.01 -34"><span class='ocrx_word' id='word_1_314' title='bbox 147 4575 148 4579; x_wconf 65' lang='lat'>,</span> <span class='ocrx_word' id='word_1_315' title='bbox 232 4527 429 4605; x_wconf 78' lang='grc' dir='ltr'><em>τοστεντνκὸς,</em></span> <span class='ocrx_word' id='word_1_316' title='bbox 454 4551 515 4592; x_wconf 90' lang='lat' dir='ltr'>nou</span> <span class='ocrx_word' id='word_1_317' title='bbox 539 4528 740 4602; x_wconf 74' lang='grc' dir='ltr'><em>δοδονσκοολννὸς</em></span> <span class='ocrx_word' id='word_1_318' title='bbox 764 4569 808 4579; x_wconf 90' lang='lat'>-</span> <span class='ocrx_word' id='word_1_319' title='bbox 832 4533 895 4594; x_wconf 89' lang='grc'>655</span> <span class='ocrx_word' id='word_1_320' title='bbox 922 4532 973 4615; x_wconf 77' lang='grc' dir='ltr'>Α).</span> <span class='ocrx_word' id='word_1_321' title='bbox 1011 4617 1012 4621; x_wconf 8' lang='lat'>¹</span> 
     </span>
    </p>
   </div>
   <div class='ocr_carea' id='block_1_9' title="bbox 0 0 1524 5122">
    <p class='ocr_par' dir='ltr' id='par_1_12' title="bbox 0 0 1524 5122">
     <span class='ocr_line' id='line_1_38' title="bbox 0 0 1524 5122; baseline 0 2"><span class='ocrx_word' id='word_1_322' title='bbox 0 0 1524 5122; x_wconf 95' lang='lat' dir='ltr'> </span> 
     </span>
    </p>
   </div>
  </div>
 </body>
</html>
