3038 5122
494 906 957 996 retruduntur.

206 1514 277 1579 Duo
300 1515 438 1579 Platonis
460 1517 590 1581 maxime
613 1526 685 1582 sunt
710 1522 846 1614 propria,
867 1521 993 1587 alterum
1010 1526 1286 1606 argumentationes

37 1706 43 1713 .
115 1608 118 1613 ’
161 1618 384 1704 syllogisticae,
417 1621 547 1688 alterum
577 1623 741 1707 particulae
769 1624 951 1690 dialecticae.
1000 1624 1314 1710 argumentationes·
1364 1637 1368 1644 '

161 1724 198 1788 ad
221 1747 269 1790 res
292 1725 462 1810 pertinent,
487 1728 651 1811 particulae
674 1728 711 1794 ad
734 1728 970 1813 grammaticam.
1014 1732 1100 1812 Quae
1125 1744 1284 1818 quantum·

89 1851 99 1869 r
160 1852 280 1915 cunque
304 1830 444 1896 differant
466 1833 546 1897 inter
569 1856 615 1912 se,
637 1833 759 1898 illarum
782 1842 883 1899 tamen
907 1837 1011 1900 critica
1033 1841 1213 1902 examinatio
1235 1863 1287 1922 per

159 1959 190 2000 se
223 1936 261 2000 ad
284 1938 500 2002 accuratiorem
527 1936 633 2003 harum
661 1940 864 2024 cognitionem
892 1941 987 2006 ducit.
1035 1945 1136 2026 Atque
1163 1946 1285 2039 omniuo

161 2052 307 2126 utraeque
338 2043 376 2107 de
406 2043 557 2109 industria
580 2044 752 2129 exploratae
776 2069 883 2131 magno
907 2046 1043 2111 subsidio
1067 2072 1130 2112 esse
1156 2059 1283 2132 possunt

162 2148 397 2247 emendatiorem
420 2148 557 2213 Platonis
577 2149 741 2215 editionem
759 2153 886 2236 paranti.
911 2151 1004 2233 Quod
1020 2176 1088 2218 oum
1102 2156 1164 2238 jam
1181 2155 1284 2225 dedita

161 2276 252 2339 opera
274 2255 306 2318 iu
330 2276 391 2319 uno
415 2260 445 2318 et
467 2251 750 2346 alterospecinrino
773 2258 974 2336 ostenderim,
991 2282 1073 2322 nunc
1090 2256 1283 2343 paucioribus

162 2358 317 2425 absolvere
355 2382 500 2444 possum,
539 2368 575 2424 ut
611 2383 701 2444 quam
738 2363 918 2427 emendandi
950 2365 1095 2441 rationem
1127 2365 1158 2428 in
1190 2365 1282 2459 hujus
1331 2352 1334 2357 ¹

162 2465 276 2550 dialogi
307 2465 440 2530 editione
471 2465 604 2550 paranda
632 2466 780 2551 imprimis
815 2477 938 2533 secutus
973 2470 1028 2534 sim
1061 2469 1283 2553 quodammodo

164 2571 305 2655 aperiam
344 2569 392 2637 Ita
414 2578 512 2635 autem
537 2581 742 2656 comparatum
768 2582 813 2639 eet
833 2575 890 2639 hoc
905 2597 1005 2640 rernm
1022 2598 1133 2660 genus,
1152 2586 1187 2639 ut
1202 2585 1283 2640 recto

163 2677 272 2760 exponi
296 2683 326 2739 et
349 2673 470 2760 probari
494 2677 554 2740 n‘on
578 2678 674 2760 possit
696 2679 762 2743 sine
785 2680 940 2765 exemplis.
965 2681 1094 2760 Quoties
1117 2682 1211 2764 igilpr
1234 2695 1281 2744 res
1301 2733 1312 2743 ..

159 2782 249 2860 feret,
272 2780 512 2847 luculentissima
527 2781 674 2867 quaedam
691 2783 781 2850 verbo
797 2784 955 2862 iudicabo,
974 2809 1050 2870 quae
1067 2788 1116 2851 cui
1132 2787 1182 2850 hic
1201 2810 1218 2849 a
1234 2810 1280 2851 mo

159 2887 362 2952 dicta‘locem
385 2886 555 2952 desiderare
579 2887 755 2966 rideantur,
780 2908 836 2952 suo
858 2891 1092 2974 quodque'looo
1118 2900 1282 2974 peotraeta·

84 2992 86 2995 ’
159 3005 224 3058 tum
248 2993 389 3078 inspiciat
412 3016 497 3078 rogo.
615 3073 619 3080 Ι

64 3181 66 3184 y
156 3126 158 3131 ⁴
203 3099 316 3181 Oritioa
340 3099 437 3184 ¹vulgo
470 3121 488 3163 a
519 3099 712 3183 grammatica
735 3100 854 3184 sejungi
877 3122 936 3164 non
962 3123 1049 3185 posse
1074 3099 1217 3165 videtur(
1241 3101 1284 3166 Si·
1313 3137 1315 3141 Α

158 3205 221 3268 coti
251 3204 350 3282 enim,
384 3205 410 3268 si
442 3204 666 3288 simplicissima
698 3213 728 3269 et
760 3205 903 3269 facillima
934 3228 1024 3290 opera
1047 3229 1093 3269 er.
1118 3228 1159 3290 gr.
1185 3202 1224 3277 εἷς
1248 3207 1284 3270 ὢν

158 3308 348 3375 scribendum
381 3331 483 3374 censes
515 3333 568 3394 pro
599 3312 686 3386 ἑκὼν,
710 3307 778 3389 ἅμα
801 3311 847 3377 vel
871 3313 941 3376 ἀλλ’
965 3309 986 3376 ἃ
1010 3334 1063 3395 pro
1082 3311 1182 3394 denir,
1207 3311 1285 3376 nihil

160 3417 331 3501 argumenti
362 3416 460 3480 inesse
494 3423 594 3500 potest
629 3417 659 3480 in
694 3416 760 3502 ipsa
787 3416 942 3499 literarum
977 3416 1194 3494 similitudine,
1232 3416 1283 3479 sed

84 3533 88 3541 '
136 3545 193 3588 ,ea
229 3531 294 3586 tota
326 3521 470 3587 orationis
504 3521 579 3585 serie
610 3528 641 3585 et
674 3521 790 3587 Graeca
819 3522 950 3588 dictione
978 3529 1188 3612 argumentum
1216 3544 1282 3607 pro-

80 3686 82 3691 .
158 3628 221 3692 dire
255 3627 362 3705 debet,
397 3648 458 3712 quo
493 3626 562 3692 talis
595 3627 766 3693 emendatio
801 3628 996 3709 confirmetur
1017 3629 1061 3713 1),
1097 3626 1140 3690 sio
1175 3627 1282 3710 etiam,
1367 3695 1370 3700 ,
1468 3614 1473 3620 ’

191 3869 215 3931 1)
241 3865 398 3932 anjamou
422 3869 461 3916 ae
483 3864 509 3914 in
534 3864 604 3930 quoe
628 3865 669 3916 aa
693 3851 781 3917 uetus
803 3865 897 3925 maru,
918 3865 986 3916 eurr.
1010 3867 1041 3914 a
1066 3865 1086 3915 o
1109 3875 1278 3918 mmmm<

158 3955 229 4017 φνχῆς
244 3950 321 4008 ἡδονὴν
336 3952 408 4018 χωρὶς
425 3957 531 4013 σώματος
546 3947 563 3996 i.
581 3963 602 3997 e.
618 3945 644 3998 ἔν’
657 3950 727 4006 αὐτῆς
742 3957 783 4006 τῆς
800 3954 823 4014 ψ.
837 3952 884 4000 art.
916 3947 997 3999 Semel
1013 3951 1047 3998 lae
1058 3947 1136 4006 lecto,
1148 3947 1243 3997 scribae
1253 3962 1284 3998 ex

156 4032 224 4082 inani
241 4052 295 4089 υτης
310 4029 423 4080 fecerunt
439 4036 487 4095 μὴ,
507 4045 553 4096 pro
570 4045 621 4094 quo
637 4029 719 4079 critici
737 4034 782 4080 aut
792 4049 831 4098 πῃ
847 4034 891 4079 ant
908 4031 951 4089 ἤδη
966 4034 1011 4078 aut
1027 4031 1053 4090 δὴ
1070 4029 1186 4095 deinceps
1201 4028 1283 4078 defen·

157 4114 232 4162 dunt:
250 4111 340 4162 deinde
356 4127 386 4161 ex
403 4112 512 4162 secundo
528 4111 623 4177 syllaba
639 4121 680 4170 τῆς
696 4109 792 4177 factum
809 4118 867 4172 τὴν,
882 4111 951 4177 quod
970 4115 1105 4174 utrumque
1121 4115 1205 4159 tamen
1221 4125 1283 4159 non·

157 4195 222 4246 nulli
238 4193 335 4244 codices
351 4193 451 4243 habent.
471 4193 519 4243 net
535 4198 619 4243 eutem
635 4193 701 4243 illud
718 4197 784 4252 αὐτὸς
801 4197 813 4245 t
829 4209 952 4243 unacum
969 4194 1005 4242 sic
1021 4193 1105 4258 posito
1122 4196 1193 4261 χωρὶς
1209 4191 1283 4243 initio

157 4275 235 4344 liujus
257 4279 321 4341 λόγου
341 4281 366 4326 et
381 4276 488 4326 recurrit
503 4276 532 4325 in
548 4291 576 4326 oo
593 4275 691 4340 quoties
708 4276 794 4326 mdem
810 4281 926 4326 accnrata
943 4270 1021 4325 dictio
1034 4275 1168 4338 flagitatur.
1186 4274 1283 4340 Hujus·
1345 4272 1347 4277 '

157 4359 227 4410 modi
249 4358 328 4424 igitur
350 4358 491 4408 emendatio
515 4373 545 4407 ex
569 4358 661 4407 talibus
682 4357 794 4422 vestigiis
817 4358 922 4407 inventu
946 4356 1076 4424 facillima:
1096 4356 1140 4405 ubi
1158 4372 1284 4406 veronen

158 4446 257 4493 tantum
273 4456 305 4490 ne
321 4439 405 4490 littera
421 4439 524 4504 quidem
540 4440 661 4504 genuinae
677 4439 822 4507 scriptionis
840 4441 967 4506 superest,
984 4439 1028 4488 sed
1043 4439 1106 4488 aliae
1121 4454 1224 4504 prorsus
1241 4437 1283 4487 lit·

158 4529 225 4575 terae
241 4527 267 4574 et
283 4537 355 4574 vocer
370 4522 398 4573 in
415 4522 544 4577 codicibus
560 4522 668 4574 traditae
684 4525 759 4583 sunt,
776 4522 917 4575 emendatio
934 4526 971 4572 oet
988 4535 1064 4585 qnam
1080 4519 1239 4571 difficillima.

563 4800 566 4806 g
666 4668 958 4797 358401'
1012 4681 1021 4705 ²
