3038 5122
168 341 220 388 m
520 280 926 387 ruouuoouu'ur.

566 526 666 591 Sectio
689 524 831 591 11-479
857 527 892 591 Ε.

424 664 489 736 Τίς
511 664 710 742 εὐδαίμων,
733 664 790 737 τίς
812 666 859 744 μοί
882 668 960 751 (4⁷2
985 665 1030 750 0).

262 803 399 869 Socrates
422 803 521 887 porgit
544 803 697 887 disputare
721 825 788 868 cum
812 803 904 882 Polo,
918 805 969 888 qui
994 805 1184 868 convincitur

480 907 578 986 λόγοις
602 909 633 973 iu
658 912 720 975 475
745 917 777 973 et
799 908 983 976 cro-479.

209 1034 239 1097 A
267 1030 386 1111 Πότερον
413 1029 509 1095 κάκιον
532 1029 566 1095 τό
586 1030 694 1095 ἀδικεῖν
716 1031 733 1106 ἢ
756 1032 789 1097 τό
811 1032 977 1098 ἀδιιοεῑοόαι.
1013 1031 1106 1097 Polus
1130 1033 1162 1098 τό
1184 1034 1291 1099 ἀδικεῖν

166 1137 298 1219 αἴσχιον,
322 1159 383 1202 nou
404 1134 502 1201 κάκιον
524 1135 615 1213 dicit,
640 1159 708 1200 narn
725 1158 785 1201 non
806 1137 913 1204 ταύτόν
932 1161 996 1204 esso
1010 1140 1131 1219 αἰσχρὸν
1143 1149 1173 1202 et
1185 1141 1288 1214 κακόν,

165 1245 255 1310 καλόν
278 1250 308 1307 et
329 1242 449 1319 ἀναόό.
491 1240 628 1306 Socrates
652 1242 709 1306 hoc
732 1243 880 1308 trilemma
904 1244 1049 1309 adhibens
1075 1246 1151 1325 (475
1176 1245 1233 1329 O),
1256 1246 1290 1311 τό

165 1348 281 1431 αίοχιον
305 1349 322 1425 ἢ
344 1349 423 1430 λύπη
445 1347 564 1428 ηκακῷ
587 1347 603 1424 ἢ
627 1349 800 1430 ἀμφοτέροις
824 1349 1008 1430 ὑπερβάλλον
1030 1350 1162 1431 αίοχιον,
1179 1351 1290 1416 Polum

166 1455 316 1521 convincit
337 1454 435 1534 λόγῳ,
459 1475 520 1537 quo
543 1452 673 1518 efficitur
694 1454 727 1519 τό
750 1456 869 1536 αἰσχρόν
892 1489 926 1510 =
948 1458 981 1522 τό
1000 1458 1103 1523 κακόνε
1127 1458 1161 1522 τὸ
1183 1458 1290 1523 ἀδικεῖν
1328 1434 1338 1452 ’

165 1561 260 1646 igitur
283 1567 313 1626 et
335 1557 449 1640 αίοχιον
473 1567 503 1623 ct
525 1560 622 1624 κάκιον
644 1596 690 1610 -
712 1563 787 1626 476.

199 1666 236 1732 ’Β
258 1665 377 1746 Πότερον
395 1663 491 1746 μεῖζον
512 1665 600 1729 κακόν
618 1665 651 1730 τό
670 1666 823 1732 ἀδικοῦντα
836 1667 939 1735 διδόναι
957 1668 1033 1745 δίκην
1050 1669 1112 1744 ἢτδ
1123 1671 1165 1746 μη
1176 1668 1288 1736 διδόναι.

207 1772 284 1837 Polo
314 1793 435 1836 essenso
451 1771 506 1835 .τά
530 1770 629 1836 δίκαιον
659 1793 721 1837 esse
744 1794 787 1831 ε·-
810 1774 851 1839 rot
880 1776 961 1840 καλά
991 1777 1067 1858 (476
1091 1775 1128 1859 Β)
1152 1773 1288 1840 Socrates

164 1878 272 1965 probat
300 1877 397 1958 λόγῳ,
432 1877 465 1941 τό
496 1875 598 1942 διδόναι
629 1877 706 1952 δίκην
737 1900 801 1942 esse
832 1880 929 1945 δίκαια
950 1905 993 1939 =
1015 1881 1097 1946 καλόν
1119 1908 1162 1942 =
1184 1883 1289 1958 ἀναόά

166 1984 344 2066 (secuudum
368 1985 432 2048 4⁷4
455 1980 482 2044 Ε
506 1990 536 2045 et
558 1984 622 2048 475
642 1982 684 2067 Α)
705 1983 834 2064 πάνχειν
850 2022 899 2079 5—
917 1989 979 2052 477
992 2012 999 2050 ι
1013 1987 1289 2064 οίάναόά,κακίας

164 2091 219 2175 (=
243 2088 367 2172 ἀδικίας)
391 2086 639 2152 ἀπαλλοίττεοόαι
661 2087 710 2152 τόν
732 2088 810 2164 δίκην
832 2089 943 2157 διδόντα
965 2093 1068 2176 negari
1090 2115 1151 2157 non
1171 2099 1287 2176 potest:

164 2196 217 2261 sed
247 2194 414 2260 secundum
438 2193 546 2256 Polum
569 2199 673 2273 ψυχῆς
694 2195 785 2259 κακία
808 2193 977 2280 αίοχιοτον,
1000 2219 1062 2261 nou
1086 2204 1184 2261 tamen
1206 2197 1289 2263 κοίκι-

164 2325 246 2368 οτονε
269 2301 405 2365 Socrates
428 2299 617 2364 trilemmatis
640 2319 731 2384 opera
752 2301 903 2384 ejusdem,
929 2303 1010 2386 quod
1034 2302 1064 2367 in
1083 2305 1145 2367 475
1163 2301 1187 2366 C
1203 2303 1289 2367 adhi-

164 2406 249 2484 buit,
274 2406 461 2470 demonstrat
484 2404 563 2485 λόγῳ
585 2405 618 2468 iu
642 2407 703 2470 477
726 2405 770 2484 D,
786 2406 865 2472 illud
885 2386 976 2472 etiam*
994 2407 1146 2485 κοίκιοτον;
1163 2408 1288 2492 quodsi

164 2521 210 2578 est
227 2511 378 2586 κοίκιοτον,
399 2518 429 2575 et
441 2509 466 2573 ai
477 2509 539 2586 δίκη
551 2516 597 2574 est
609 2509 765 2576 κοίλλιοτον
776 2512 832 2577 i..e.
845 2517 984 2589 πλείστην
996 2520 1115 2579 ποιοῦσα
1127 2513 1268 2594 ὠφέλειαν
1275 2564 1285 2593 ,

209 2620 242 2703 1)
265 2618 279 2683 ό
301 2618 343 2695 at
365 2615 442 2695 ἔχων
464 2614 541 2679 illud
564 2613 703 2692 μίνιστον
725 2619 813 2682 κακόν
835 2617 855 2682 i.
880 2641 903 2683 e.
926 2625 1028 2698 ψυχῆς
1051 2619 1182 2701 πονηρίαν
1201 2620 1287 2705 (zo'

261 2724 303 2800 μη
325 2722 428 2787 ἀδικῶν
450 2747 492 2780 :
515 2721 529 2784 ό
550 2720 671 2807 δίκαιος)
694 2733 740 2786 est
762 2722 1027 2802 εὐδαιμονέστατος.

699 2846 727 2927 a)
748 2845 763 2909 ό
785 2845 1050 2922 ἀπαλλαττόμενος
1075 2848 1140 2930 ejus

208 2951 241 3035 8)
265 2952 279 3017 ό
307 2948 385 3030 ἔχων
414 2948 492 3013 illud
760 2953 813 3035 (ε
835 2951 849 3015 ὃ
871 2951 948 3026 δίκην
970 2951 1074 3038 διδοὺς)
1097 2951 1233 3032 δεύτερος.

261 3057 319 3142 (r.-
341 3057 355 3122 ί
377 3057 491 3139 αδικάν)
561 3051 613 3115 sod

272 3159 385 3245 ἅθλιος,
703 3128 739 3215 b)
761 3130 775 3194 ό
798 3131 839 3205 μη
866 3130 1130 3214 ἀπαλλαττόμενος
1153 3134 1218 3216 ejus
1284 3178 1289 3185 ·

756 3235 809 3318 (z
831 3237 844 3301 ό
867 3237 909 3313 μη
928 3235 1016 3306 διδοὺς
1035 3236 1125 3318 δίκην)
1142 3235 1286 3302 ararem·

755 3363 802 3412 τοο
828 3338 967 3423 (κάκιοτα
991 3340 1046 3425 ζῇ).
1100 3342 1103 3347 ⁴

163 3461 244 3548 Ergo
268 3464 296 3525 A
317 3461 331 3526 ό
353 3461 454 3526 ἀδικῶν
476 3467 527 3527 τοῦ
549 3461 730 3542 ἀδικουμένου
752 3462 925 3543 οίόλιιίτεροςΙ
937 3462 995 3550 (:::
1014 3463 1047 3528 τό
1067 3465 1174 3529 ἀδικεῖν
1188 3462 1286 3529 κοίκιον

316 3571 367 3632 τοῦ
389 3567 569 3651 ἀδικεῖσθαι).

265 3671 293 3737 Β
314 3675 328 3739 ό
350 3674 392 3750 μη
415 3672 503 3746 διδοὺς
526 3674 602 3748 δίκην
624 3679 675 3739 τοῦ
697 3671 816 3746 διδόντας
838 3673 1003 3754 ἀόλιιίτερορ
1022 3675 1074 3758 (=
1090 3674 1124 3739 τό
1134 3675 1286 3740 ἀδικοῦντα

317 3779 359 3856 μη
381 3778 483 3844 διδόναι
506 3780 583 3855 δίκην
605 3778 702 3860 μεῖζον
723 3778 811 3866 κακόν
832 3784 882 3844 τοῦ
905 3778 1020 3861 διδόναι)
1049 3818 1092 3830 -
1117 3783 1179 3846 479
1203 3779 1239 3843 Ε.

164 3883 251 3964 Quae
275 3885 337 3950 duo
361 3885 595 3957 demonstranda
618 3892 789 3970 susceperat
811 3883 948 3949 Socrates
971 3886 1003 3949 iu
1025 3885 1084 3950 fine
1107 3885 1186 3950 Soet.
1215 3888 1242 3950 1.

163 3989 315 4056 Ultimum
339 3991 371 4056 in
394 3992 421 4073 2)
443 3990 475 4079 b)
499 4013 552 4077 per
575 4014 606 4056 se
628 3991 744 4057 ποίνταν
766 3990 903 4068 μέγιστον
925 3996 1019 4056 κακῶν
1042 3994 1119 4074 (509
1143 3992 1195 4076 Β),

482 4149 483 4153 '
523 4185 824 4250 creuere-481
850 4183 883 4249 c.

470 4309 536 4381 Τίς
565 4309 671 4390 χρεία
700 4316 764 4384 τῆς
792 4311 975 4389 ῥητορικῆς.

319 4489 329 4493 -
391 4429 527 4495 Socrates
557 4432 657 4516 pergit
687 4430 840 4514 disputare
870 4450 938 4493 cum
969 4427 1055 4492 Polo.

208 4552 241 4617 Si
264 4575 333 4618 vera
354 4552 509 4640 disputata
524 4552 556 4617 in
573 4551 645 4637 Gap.
661 4550 712 4630 II,
729 4552 746 4627 εί
761 4553 886 4632 ρἠτορικίι
901 4553 932 4616 οὐ
942 4551 1084 4632 χρήσιμος
1095 4549 1143 4616 ἐπί
1155 4551 1188 4615 τὸ
1201 4551 1284 4632 ὑπερ-
