3038 5122
162 234 310 364 ³150.
435 324 436 331 κ
660 288 940 356 retronis

136 529 143 544 .
261 559 264 565 ,
286 492 457 558 LXXXIII.
488 491 569 572 Ἐμοὶ
592 489 637 560 οὖν
660 491 821 572 πειθόμενος
843 492 1029 568 οὶκολοθθκσον
1052 491 1193 568 ἐνταῦθα,
1217 486 1245 556 οἶ
1259 476 1365 572 Ιοθφιιιό-

241 622 324 677 μενος
354 600 561 678 εὐδαιμονήσεις
590 599 640 664 κιιὶ
671 598 723 681 ζῶν
754 600 802 664 καὶ
833 599 1030 677 τελεντθσοις,
1060 601 1096 668 ὡς
1127 597 1140 662 ό
1172 596 1251 668 seta]
1277 594 1363 672 λόγος

143 701 144 704 “
241 705 382 782 σκμοιθνει.
406 705 454 770 καὶ
478 704 561 771 ἔοισόν
583 706 649 772 τινοθ
671 729 721 771 σον
744 713 963 787 καταφρονῆσαι
986 706 1022 776 ὥς
1038 705 1162 792 Αοὶνοήτοιι
1186 702 1232 768 sat
1255 726 1365 783 προποι-

162 853 163 858 1
241 810 378 889 λοικθσοιι,
409 810 459 875 ε’θιν
486 809 629 889 βούληται
640 860 649 889 ,
680 810 729 877 καὶ
757 810 802 875 ναὶ
830 811 877 888 ab
902 812 962 888 Διόι
985 810 1021 875 σύ
1044 834 1081 887 νε
1104 810 1205 888 θαρρῶν
1229 798 1400 884 πατοθξοιιῙ)

240 916 292 990 τὴν
321 914 424 992 ἄτιμον
453 915 564 992 ταύτην
594 917 722 993 πληγήν·
749 917 824 982 οὐδὲν
849 915 908 997 γὰρ
931 916 1015 981 δεινὸν
1038 916 1148 998 πείσει,
1167 915 1221 979 ε’όιν
1244 917 1284 994 τῷ
1306 912 1363 979 όντι

241 1018 274 1103 ᾖς
296 1021 385 1093 κοιλδς
408 1023 554 1101 κόγαθός,
584 1024 679 1087 οθτκῶν
700 1022 815 1103 οθρετθν.
838 1019 950 1086 κᾶπειθ’
969 1019 1043 1086 οὕτω
1066 1031 1141 1101 κοινῇ
1164 1022 1364 1096 οθσκθσοιντες,

241 1124 302 1192 τότ’
333 1127 398 1204 θδκ,
430 1129 480 1192 ε’θιν
507 1129 574 1210 δοκῇ
594 1138 718 1209 χρῆναι,
742 1126 932 1205 ε’πιθκσόμεθοι
954 1134 1013 1198 τοῖς
1036 1136 1208 1204 πολιτικοῖς,
1234 1126 1250 1201 ἢ
1272 1128 1365 1191 ὁποῖον

241 1230 278 1297 ιἰν
307 1258 335 1298 τι
364 1236 432 1311 ἡμῖν
457 1234 545 1316 δοκῇ,
571 1235 637 1300 τότε
659 1233 894 1314 βουλευσόμεθα,
918 1233 1052 1311 βελτθονς
1076 1231 1153 1304 θντες
1176 1230 1364 1310 βουλεύεσθαι

175 1344 180 1359 ’
241 1338 259 1414 ἢ
288 1345 345 1403 νῦν.
377 1340 496 1420 αἰσχρὸν
525 1339 585 1421 νδιρ
613 1339 737 1419 ἔχοντός
768 1342 800 1418 γ’
821 1341 859 1411 ὡς
891 1344 937 1404 νῦν
969 1337 1120 1422 φαινόμεθ’
1143 1336 1237 1420 ἔχειν,
1262 1324 1365 1432 ἔπειτα

241 1444 429 1510 νεανιεύεσθαι
450 1443 487 1518 ὥς
510 1470 538 1511 τι
560 1446 662 1521 όντοις,
685 1440 725 1518 οἷς
745 1445 880 1510 οὐδέποτε
904 1445 1002 1510 ταύτθι
1023 1443 1099 1509 δοκεῖ
1112 1443 1174 1523 περὶ
1191 1451 1246 1507 τῶν
1258 1445 1363 1518 αὐτῶν,
1427 1453 1429 1457 ’

241 1549 290 1615 καὶ
318 1557 420 1618 ταῦτα
450 1551 512 1631 περὶ
543 1559 599 1615 τῶν
624 1552 783 1629 μεγίστοιν·
810 1552 849 1622 εἰς
872 1556 1004 1615 τοσοῦτον
1027 1547 1130 1628 ἥκομεν
1151 1547 1402 1620 οθποιιδεοσθοιςθΕθ

240 1653 333 1736 ὥσπερ
362 1652 408 1722 οὖν
438 1657 557 1735 ἡγεμόνι
587 1659 627 1738 τῷ
658 1657 738 1737 λόγῳ
759 1657 935 1738 χρησόμεθα
958 1656 998 1736 τῷ
1021 1662 1068 1721 νῦν
1092 1654 1312 1738 rapsacen,
1335 1651 1364 1727 ὃς

241 1761 480 1841 inferentiae,
504 1760 547 1828 ότι
569 1761 649 1832 οὗτος
673 1763 687 1828 ὅ
709 1762 811 1844 τρόπος
832 1760 947 1843 ἄριστος
970 1768 1020 1827 τοῦ
1040 1761 1123 1838 βίον,
1141 1760 1189 1825 καὶ
1202 1762 1253 1834 τόν
1265 1761 1365 1825 δικοιιο·

240 1866 324 1943 σόνιρν
345 1868 394 1933 καὶ
417 1870 469 1943 τὴν
490 1867 585 1943 ι’θλλκν
606 1869 709 1949 riparia
731 1869 893 1939 ἀσκοῦντος
914 1867 963 1932 aci
984 1867 1034 1948 ζῆν
1053 1870 1102 1933 καὶ
1121 1865 1261 1932 τεθνοθνοιι.
1275 1865 1366 1946 τούτῳ

240 1970 286 2040 οὖν
316 1974 469 2053 ἑπόμεθα,
501 1974 549 2038 καὶ
580 1974 646 2046 τοὺς
677 1973 784 2045 ἄλλους
817 1977 1054 2054 παρακαλῶμεν,
1083 1975 1126 2052 μὴ
1152 1972 1261 2053 ἐκείνῳ,
1285 1967 1305 2054 ᾧ
1329 1979 1365 2037 σὺ

240 2081 381 2147 πιστεύων
403 2080 455 2158 ἐμὲ
477 2087 671 2167 παρακαλεῖς·
695 2079 756 2145 ἔστι
778 2082 838 2160 γὰρ
860 2078 967 2152 οὐδενός
990 2078 1088 2156 ἄξιος,
1111 2075 1132 2143 ὦ
1154 2079 1342 2152 Καλλίκλεις.

225 2256 232 2274 ⁹
272 2280 781 2351 -Βιιαό-αὒγεθαρρῶνιιατόξαιτὴν-
827 2284 915 2329 notum
932 2293 1004 2346 saepe
1019 2279 1186 2356 insupericre
1201 2279 1366 2332 sermoneed·

240 2350 346 2414 κόπρια]
389 2348 543 2412 Interpretes
571 2346 631 2395 haec
659 2346 781 2409 corrigere
827 2345 935 2395 bibitam
959 2361 1011 2395 non
1036 2345 1176 2408 sigmflcare
1199 2360 1251 2394 non
1275 2349 1365 2414 potest

178 2434 180 2441 ·
241 2419 359 2464 conantes
376 2414 439 2463 mire
452 2412 611 2462 infestarunt.
628 2411 687 2461 Non
698 2428 780 2462 assen-
828 2412 913 2473 Quam
936 2412 989 2462 vim
1009 2418 1051 2464 τοῦ
1067 2410 1130 2471 οὗτος
1146 2413 1183 2461 sic
1200 2411 1276 2477 positi
1292 2427 1366 2464 nemo

240 2479 330 2530 tientes
340 2478 780 2548 reponentituiyrxtppastriaverba
826 2479 932 2544 ignorat.
959 2478 1090 2545 Superest,
1108 2483 1138 2527 ut
1155 2479 1186 2528 de
1197 2483 1289 2549 θαρρεῖν
1299 2481 1366 2530 dica·

239 2561 286 2612 pro
300 2547 382 2596 tribua
397 2548 569 2616 αὑριόαρρῶν,
580 2548 685 2609 requato
695 2544 779 2595 Marte
826 2561 891 2594 mus.
914 2546 994 2595 Mitto
1010 2544 1119 2595 refutare
1128 2551 1263 2609 nugantes,
1274 2548 1319 2612 qui
1327 2562 1366 2596 ex.

203 2614 223 2621 ''
240 2617 363 2662 certamen
379 2612 503 2671 inierunt,
520 2612 591 2662 alteri
606 2614 726 2678 πάταξαι,
744 2612 779 2661 al·
825 2628 862 2677 gr.
874 2617 939 2665 ἔασόν
950 2632 976 2664 αι
986 2615 1044 2678 post
1055 2616 1143 2682 θαρρῶν
1153 2612 1261 2676 intelligi
1267 2615 1365 2678 jubent.

240 2679 288 2729 teri
303 2682 408 2738 πατάξαι
424 2695 510 2728 verum
526 2694 579 2729 esse
594 2678 791 2729 contendentes..
826 2678 898 2739 Quid
914 2679 1012 2728 multai¹
1029 2678 1224 2742 Exquisitumne
1241 2685 1333 2751 θαρρεῖν
1343 2701 1366 2732 τι

240 2745 295 2809 ligo
321 2751 424 2795 neutros
450 2749 581 2794 secuturae
606 2745 650 2794 sed
675 2760 778 2810 prorsus
825 2761 850 2814 v,
859 2761 880 2794 a.
890 2749 983 2798 θάνατον
991 2745 1029 2810 (in
1038 2744 1278 2812 Phdone),patxasi.
1287 2763 1365 2797 auca

239 2811 314 2861 eliam
340 2813 406 2862 viam
426 2812 583 2876 ingressurus
599 2826 660 2874 rogo
676 2811 778 2860 tandem
826 2811 915 2874 ipnoce
926 2810 1097 2867 reformidare
1108 2816 1224 2868 mortem,
1234 2815 1366 2876 ρκριιοοιό

239 2893 318 2928 cesses
342 2878 429 2928 mirari
453 2878 598 2936 audaciam,
623 2893 699 2942 quam
724 2876 778 2942 cepi
827 2877 908 2927 Sicuti
925 2878 999 2927 etiam
1016 2877 1105 2926 dicunt
1121 2886 1213 2946 τρόμεον
1222 2899 1253 2931 τι.
1276 2879 1366 2944 Itaque

239 2944 464 3010 argumentationes
487 2944 624 2994 Socraticas
646 2944 778 3009 explorans
826 2943 1366 2996 hancdemumconcinnamseutentiamPla-

239 3015 265 3061 ct
281 3012 421 3061 emendans.
446 3011 500 3071 Qui
514 3009 777 3060 enimucnabstinue·
826 3010 881 3060 toni
898 3009 1011 3059 reddidi:
1036 3013 1060 3058 at
1080 3014 1108 3059 tu
1119 3027 1168 3075 per
1186 3012 1244 3060 deca
1253 3012 1367 3074 fortiter

238 3084 300 3127 runt
323 3078 354 3127 ab
378 3078 420 3127 his
444 3093 547 3143 prorsus
570 3083 795 3145 ἀριταγράπτοις,’
818 3079 867 3140 ser
878 3075 1069 3140 ignominiosam
1080 3076 1157 3125 irtam
1164 3078 1367 3142 ρθοροικιιιθόιθό

239 3143 267 3193 in
282 3144 378 3208 reliqua
391 3144 431 3194 rel
441 3143 532 3209 majori
542 3143 642 3193 licentia
653 3147 777 3206 grassatos
825 3142 891 3192 enim
907 3141 971 3191 mali
987 3141 1036 3190 tibi
1053 3142 1162 3210 accidet,
1179 3143 1202 3192 ei
1220 3160 1310 3194 revera
1327 3145 1367 3192 bo-

239 3226 304 3268 esse,
319 3210 372 3275 jam
383 3226 530 3275 persuasum
541 3209 629 3258 habeo.
646 3208 776 3258 Platonem
824 3225 871 3258 πιιε
884 3210 920 3258 ca's
932 3209 1051 3257 virtutem
1065 3210 1153 3258 colena
1171 3210 1229 3259 Ncn
1238 3216 1289 3269 est,
1298 3210 1367 3275 quod

149 3271 175 3300 ·’
239 3276 318 3339 igitur
333 3276 463 3341 scripsisse
480 3275 603 3325 contendo
619 3301 653 3312 -
669 3280 710 3324 ἐὰν
722 3275 775 3341 poi·
825 3274 925 3325 efferam
949 3275 1033 3335 locos,
1061 3290 1124 3338 quos
1155 3291 1240 3326 omnes
1266 3282 1367 3326 norunt.

240 3345 315 3400 iares·
340 3347 376 3393 rai
393 3346 427 3393 ναὶ
444 3348 479 3407 μὰ
496 3346 537 3392 Δία
555 3343 622 3404 abyr
642 3345 720 3408 Orippo
738 3349 778 3399 τὴν
826 3341 926 3390 Nemini
942 3341 1029 3390 saltem
1044 3356 1095 3389 non
1105 3343 1231 3392 succurrit
1236 3344 1290 3408 jam
1299 3344 1367 3409 apud

240 3413 323 3473 ἅτερον
347 3411 429 3466 ταύτην
453 3412 545 3472 πληγήν·
568 3410 696 3475 οὐδὲνγὰρ
713 3407 778 3458 δεινόν
826 3406 966 3456 Homerum
983 3406 1072 3456 obvius
1088 3408 1117 3457 in
1134 3407 1223 3472 Odyss.
1242 3413 1256 3458 8
1272 3426 1296 3461 v.
1312 3411 1366 3460 197.

240 3479 312 3526 πιόαιι
337 3477 383 3526 ari.
413 3473 540 3523 Nimirum
557 3475 628 3538 quod
642 3472 777 3522 sexcenties
826 3500 859 3512 -
876 3475 902 3525 σὺ
919 3475 942 3523 δὲ
959 3477 987 3524 θά
1004 3493 1037 3524 σει
1054 3475 1115 3532 τόνδε
1131 3471 1153 3538 γ’
1169 3480 1252 3526 ἄεθλον,
1270 3502 1303 3516 -
1318 3476 1367 3525 Po-

239 3539 351 3590 ieoemnt
375 3541 402 3589 in
426 3539 683 3604 argumentationibus
704 3544 730 3588 et
750 3539 778 3586 in
826 3543 918 3588 stremc
935 3539 963 3588 in
978 3493 1002 3588 N
1019 3538 1081 3597 οὗτος
1098 3543 1109 3590 ό
1126 3547 1208 3608 τρόπος
1224 3548 1318 3611 ἄριστος
1328 3549 1368 3601 τοῦ

143 3607 145 3615 '
239 3606 284 3664 iit,
301 3623 364 3672 quae
380 3607 624 3670 argumentationum
639 3621 713 3670 opera
725 3619 778 3653 cor·
826 3608 890 3673 βίον,
909 3608 946 3656 καὶ
963 3615 1003 3666 τὴν
1019 3608 1153 3666 δικαιοσύνην
1169 3613 1206 3659 καθ
1225 3635 1258 3647 -
1274 3615 1312 3660 καὶ
1329 3619 1369 3673 ζῆν

238 3673 349 3722 reximus
366 3685 410 3722 ex:
420 3689 456 3736 gr.
472 3673 499 3721 in
520 3674 566 3722 525
584 3673 621 3731 B,
636 3676 674 3730 et,
687 3670 718 3720 de
728 3686 778 3734 quc
826 3676 864 3724 καὶ
881 3677 981 3723 τεθνάναι
1008 3673 1157 3722 recentiores
1172 3690 1285 3739 perverse
1302 3691 1367 3725 rece·

239 3739 294 3788 loco
319 3740 394 3789 modo
419 3739 544 3798 vidimus,
569 3739 596 3787 in
622 3739 668 3789 527
696 3736 717 3786 0
741 3739 779 3788 καὶ
825 3743 918 3804 perant
943 3743 994 3804 καὶ,
1022 3740 1090 3803 quod
1112 3745 1150 3789 est
1172 3745 1230 3806 post
1251 3745 1318 3809 βίον,
1337 3757 1367 3791 ex

240 3809 385 3872 κολαζόμενον
400 3805 481 3857 διδόναι
498 3807 569 3870 itane,
587 3805 654 3854 idem
670 3803 779 3852 hiceusi
825 3804 943 3870 plurimis
970 3805 1114 3866 codicibus,
1145 3807 1262 3872 opinione
1292 3809 1367 3858 semel

240 3877 299 3922 sunt
310 3872 396 3921 facere.
413 3871 557 3938 Adscripsit
565 3870 656 3935 aliquis
665 3872 776 3929 πατάξαι.
826 3871 933 3928 imbuti,
955 3872 986 3920 ab
1005 3876 1040 3923 ότι
1057 3888 1101 3938 per
1118 3873 1303 3923 anacoluthiam
1320 3875 1368 3924 sci·

240 3937 299 4000 Quo
315 3939 343 3987 in
360 3942 457 3988 textum
473 3938 571 3988 invecto
583 3936 778 3986 succurrendum
825 3937 885 3986 iicet
907 3937 939 3986 ad
960 3937 1115 3987 infinitivum
1137 3939 1173 3988 im
1192 3940 1310 3989 rudenter
1326 3941 1368 3991 de-

238 4011 291 4054 erat
302 4001 491 4054 constructioni.
504 4005 594 4068 Itaque
602 4019 632 4053 ex
640 4008 720 4072 θάρρει
728 4001 778 4051 fac·
826 4002 877 4052 labi
894 4008 1006 4053 auctores
1029 4003 1134 4053 Atticos.
1168 3956 1240 4066 &uid
1256 4007 1367 4066 mirum?

239 4076 294 4121 tum
307 4077 401 4142 θαρρῶν.
418 4071 588 4134 Antiquornm
601 4069 778 4134 aliquisinter-
827 4069 914 4134 Neque
930 4070 1025 4119 scribae
1041 4070 1158 4120 viderunt
1174 4073 1297 4138 optimam
1310 4090 1367 4123 con·

239 4155 296 4204 pres
312 4153 398 4188 vocem
409 4141 512 4197 πατάξαι
523 4133 779 4193 desiderarit,rec'en-
828 4136 991 4185 structionem
1015 4137 1150 4186 accusativi
1167 4155 1224 4187 oum
1241 4139 1368 4188 infinitivo

153 4258 155 4261 ,
239 4204 333 4253 tiorum
356 4203 447 4267 aliquis
470 4219 542 4253 voces
559 4207 595 4253 ἐπὶ
613 4210 653 4271 κόρ
684 4224 702 4260 ς.
731 4201 779 4250 Sed
827 4207 886 4267 post
911 4199 1060 4262 dictionem,
1085 4204 1227 4268 cujusmodi
1250 4210 1288 4254 est
1306 4203 1370 4264 οὗτος

239 4275 290 4319 tres
316 4270 361 4318 has
386 4284 457 4319 voces
482 4274 605 4335 respuunt
621 4223 779 4331 'aiiictivum
829 4271 945 4336 όερόιιος.
963 4268 1049 4317 Nolim
1060 4269 1126 4318 enim
1138 4287 1180 4318 sus
1200 4271 1369 4335 icari,quem-

240 4343 323 4402 ἄτιμον
339 4340 365 4385 et
380 4352 517 4400 pronomen
531 4337 627 4393 ταὺτηνι
641 4334 780 4383 illudeuim
829 4350 904 4397 quam
920 4339 1008 4399 putare
1022 4334 1087 4394 iilud
1101 4341 1138 4388 καὶ
1153 4288 1237 4386 τεθθιιὶ
1251 4338 1368 4404 possead

205 4467 206 4470 Ἰ
240 4411 279 4464 τὴν
295 4406 331 4452 ἐπὶ
348 4410 430 4502 ›cipp-'as
447 4405 541 4467 πληγὴν,
555 4402 604 4450 hoo
614 4401 780 4466 πληγὴνίεόειω
828 4407 869 4460 τὴν
886 4401 1026 4460 δικαιοσύνην.

709 4597 904 4610 p—n——m
