3038 5122
640 299 895 367 concms.
1012 381 1014 386 ‚
1286 287 1326 368 51

202 531 231 572 τι
261 493 458 584 ὁμολογοῦμεν
489 502 576 584 ἐνίοτε
606 503 660 582 μὲν
689 501 804 583 ἄμεινον
833 501 905 571 εἶναι
927 511 1155 592 retrocessis,
1178 503 1199 570 ἃ
1225 512 1272 571 νῦν
1295 504 1328 581 tt,

141 678 145 693 ,
197 612 361 696 ‘inirem
383 610 583 677 οὶτοκτιννύναι
602 635 636 674 τε
655 611 703 674 κοιλ
721 609 883 687 ἐξελαύνειν
903 595 1132 693 οὶνθμολτουςκαλ
1144 613 1329 693 ’ἀφαιρεῖσθαι

160 744 162 748 ’
201 721 364 800 χρήματα,
386 704 478 783 ’ἐνίοτε
500 717 525 780 δ’
549 717 597 800 οὔ;
623 755 667 765 -
689 726 793 783 ΠΩΛ.
819 719 901 782 Ποὶνυ
923 741 970 794 γε.
1000 756 1045 766 --
1068 727 1141 782 ΣΩ.
1165 723 1259 782 Τοῦτο
1278 717 1331 793 μὲν

202 825 253 903 λλ,
274 826 310 896 ὡς
332 822 417 898 ἔοικε,
441 821 491 887 καλ
515 823 599 902 racel
620 827 670 886 οοῡ
694 821 742 885 καὶ
767 826 836 901 παρ’
858 823 928 898 ἐμοῦ
950 823 1146 899 ὁμολογεῖται.
1161 861 1203 871 -
1223 832 1327 889 ΠΩΛ.
1351 820 1355 829 ’

202 929 272 995 Ναί.
297 967 339 977 -
362 938 434 994 ΣΩ.
457 926 528 994 nlr'
552 925 598 993 οὗν
621 928 657 992 οὺ
680 929 739 1008 cle
762 925 877 1005 ἄμεινον
900 923 971 991 εἶναι
994 933 1094 992 ταῦτα
1118 936 1221 1003 τοιεῖν;
1246 929 1324 1010 sini,

202 1033 254 1100 τίν’
286 1032 343 1112 ἔρον
372 1032 471 1123 ὁοιζεις
505 1071 549 1082 -
576 1042 681 1098 ΠΩΛ.
709 1033 753 1097 Σὺ
775 1034 829 1109 μὲν
851 1028 915 1126 οὖν,
940 1027 960 1098 ὦ
984 1034 1153 1113 Σώκρατες’,
1178 1032 1326 1112 οὶτόκρινοοι

171 1140 293 1220 (troisi
314 1145 407 1206 τοῦτο.
430 1175 476 1188 -
498 1148 570 1205 ΣΩ.
595 1139 672 1214 Ἐγὼ
696 1138 749 1214 μὲν
771 1139 862 1203 τοίνυν
887 1140 983 1219 Φημὶ,
1004 1134 1141 1216 ducite,
1160 1138 1186 1202 εἴ
1204 1134 1326 1218 rolrep'

201 1339 416 1404 argumentatione
440 1338 471 1387 ad
493 1338 540 1387 468
557 1337 590 1386 D.
623 1337 740 1404 Superest
787 1341 839 1408 κμδν
864 1339 976 1391 δὺιατθαι.
1012 1337 1124 1398 Quaeret
1152 1338 1257 1402 aliquis.
1283 1355 1328 1388 cur

200 1406 279 1471 igitur
294 1409 407 1463 tantum,
424 1408 455 1454 ut
470 1419 599 1460 moneam,
613 1403 740 1453 Socratem
788 1409 871 1454 temen
887 1405 936 1453 hoc
946 1405 1018 1454 -idem
1034 1405 1147 1454 Socrates
1158 1408 1241 1468 ἀγαθον
1254 1404 1332 1455 dicat.

153 1516 156 1521 .
199 1473 249 1522 hoc
273 1487 353 1520 unum
379 1475 404 1520 et
429 1486 505 1535 supro
526 1469 605 1533 egisse
626 1474 652 1519 et
672 1485 739 1518 nnnc
788 1470 859 1518 Dicit
881 1475 906 1520 et
925 1469 969 1520 hic
985 1471 1054 1520 etin
1072 1473 1119 1519 468
1136 1471 1159 1518 Β
1176 1471 1222 1527 al,
1241 1471 1284 1520 sed
1300 1487 1329 1520 eo

200 1536 628 1602 agere,utfacientemStorslatrp
638 1535 739 1583 demon·
788 1532 893 1585 'consilio
908 1541 1008 1586 tantum
1016 1536 1229 1602 adjectivndynttr
1238 1537 1328 1595 utitur,

200 1610 262 1653 stret
279 1603 392 1668 Ρολομή
408 1609 471 1668 μέγα
482 1604 600 1664 δύνασθαι,
613 1599 739 1664 nequefa·
787 1605 818 1649 ut
841 1616 900 1650 mox
924 1601 1055 1667 epitheton
1077 1607 1142 1654 κακὸν
1163 1604 1186 1652 ei
1203 1620 1218 1652 ο
1236 1610 1329 1669 ponat,

200 1670 423 1736 correpsimus:
440 1684 565 1732 nusquam
581 1671 665 1715 autem
682 1682 739 1715 eum
787 1668 999 1732 quemadmodum
1016 1668 1043 1716 in
1061 1670 1107 1718 470
1126 1620 1276 1719 Gantitlresi
1288 1677 1328 1723 τοῦ

202 1736 301 1794 docere,
312 1736 376 1800 quid
385 1735 418 1782 it
426 1734 510 1799 ipsum
519 1737 546 1784 το
552 1740 616 1798 μέγα
625 1733 739 1784 δύνασθαι.
788 1739 880 1799 ἄμεινον
900 1740 924 1782 et
947 1739 1022 1785 κάκιον
1039 1734 1132 1791 utitur,
1149 1750 1227 1798 quum
1243 1741 1328 1786 tarum

201 1801 289 1851 Unum
312 1806 337 1850 et
358 1800 439 1849 solum
457 1800 506 1848 hoc
523 1800 678 1848 demonstrat
695 1798 739 1847 So·
787 1801 897 1849 multum
922 1801 1000 1858 absit,
1023 1804 1052 1848 ut
1073 1803 1100 1851 τὸ
1119 1801 1208 1858 δικαίως
1223 1807 1329 1854 ἀποκτιν-

201 1873 293 1926 crstes,
310 1881 413 1932 prorsus
430 1881 478 1914 non
494 1864 739 1930 μλγαδὺντιοθοιιτλιο-
787 1868 862 1932 strar,
886 1881 1038 1930 quamquam
1061 1866 1095 1914 eit
1117 1871 1221 1932 ἄμεινον,
1246 1885 1330 1918 revera
1386 1881 1388 1884 ·
1471 1877 1472 1880 ’

200 1931 274 1982 tores'
283 1937 308 1982 et
322 1937 450 1997 tyrannos.
467 1930 546 1991 Quod
557 1932 618 1979 bene
629 1935 739 1978 tenentes
788 1938 852 1996 μίγα
881 1933 985 1984 δύνασθαι
1013 1947 1065 1980 esse
1093 1933 1235 1981 contendat.
1274 1934 1332 1983 Hoc

196 2001 250 2064 jam
275 1999 412 2047 scribamus
434 1997 518 2046 locum
542 1997 591 2045 sic:
608 1997 739 2060 οὐκοῦν,ὦ
788 2014 867 2046 unum
887 1999 967 2059 igitur
982 1997 1142 2062 propositum
1160 1999 1208 2046 sibi
1226 1999 1333 2048 habebat

200 2070 327 2130 θαυμάσιε,
344 2069 374 2116 τὸ
388 2070 450 2128 μέγα
467 2065 572 2114 δύνασθαι
587 2065 654 2112 πάλιν
664 2061 694 2114 αὗ
705 2082 739 2128 οοι
789 2064 902 2112 Socrates
919 2063 978 2112 inde
995 2080 1010 2112 a
1025 2064 1107 2112 verbis
1126 2061 1150 2114 'n
1165 2071 1267 2135 μακάριε
1285 2067 1331 2116 469
1353 2099 1355 2101 -

197 2135 314 2198 μαὶντται,
338 2135 377 2182 ἐὰν
400 2135 443 2194 μὲν
465 2131 508 2196 (τῷ
524 2129 599 2194 adde)
615 2134 739 2194 πράττοντι
789 2129 830 2187 0„
857 2135 885 2177 ut
907 2129 999 2178 iterum
1019 2130 1136 2194 probaret
1153 2135 1219 2181 κακον
1234 2147 1286 2180 esse
1302 2137 1330 2185 τὸ

198 2200 216 2247 S
232 2199 290 2249 δοκεῖ
307 2198 381 2264 (αὐτῷ
396 2196 470 2257 adde)
485 2200 569 2254 ἕπηται
584 2199 612 2247 τὸ
622 2199 737 2262 ὠφελίμοις
785 2203 848 2260 μίγα
863 2197 991 2270 δυνοιοθοιι.Ι
1005 2195 1090 2272 Atque
1104 2196 1152 2244 hoc
1169 2198 1327 2272 propositum

198 2263 736 2394 emendetit,‘illectis
784 2261 1326 2393 tdtltl’ltltlttssslllsslmttl:

198 2399 255 2460 μὲν,
279 2400 305 2444 et
327 2396 389 2461 αὐτῷ
403 2399 462 2459 post
478 2395 551 2458 δοκεῖ,
569 2397 657 2442 contra
673 2393 735 2441 cmi·
783 2394 823 2442 nti
840 2394 909 2452 dixi,
926 2393 1325 2458 conclusione,quaesinedubio

200 2461 278 2508 simus
297 2460 328 2508 ab
344 2460 376 2508 iis
392 2459 486 2508 inserta
501 2481 528 2512 τι
545 2465 602 2508 ante
619 2459 690 2523 εἶναι,
710 2464 735 2507 et
785 2459 868 2508 adhuc
884 2461 971 2516 ἔναυλος
986 2463 1039 2509 erat
1055 2459 1130 2516 Polo,
1147 2459 1210 2510 hac:
1228 2460 1296 2523 Ergo
1314 2465 1326 2514 t

200 2530 237 2577 κοιλ
261 2531 342 2587 τοῦτο,
366 2530 396 2583 ὡς
418 2530 497 2590 ἔοικεν,
515 2530 564 2578 ἐστὶ
580 2530 607 2576 τὸ
622 2533 685 2590 μέγα
701 2525 736 2575 δι’)-
786 2535 853 2577 nores
874 2528 892 2575 S
914 2527 973 2576 δοκεῖ
994 2528 1057 2590 αὐτῷ
1080 2525 1131 2574 sive
1147 2529 1160 2576 t
1177 2528 1325 2590 (secundum

199 2596 278 2643 ναοθαι
300 2596 359 2654 post
379 2593 451 2654 εἶναι,
466 2598 491 2641 et
508 2597 545 2643 καλ
562 2596 656 2660 σμικρὸν
672 2592 737 2642 διἰνοι-
785 2592 887 2653 Ρολιιιιι)
916 2598 979 2655 μέγα
1006 2592 1123 2655 δυνάμενος
1147 2606 1249 2657 prorsus
1275 2610 1327 2644 non

199 2663 251 2710 σθαι
267 2661 325 2722 post
341 2665 414 2708 κακον.
439 2657 478 2706 ])ο
494 2658 599 2721 singulis
616 2673 683 2705 nunc
699 2657 735 2704 vi·
784 2664 847 2721 ,nepa
870 2659 961 2714 δὐιοιτοιι
984 2660 1030 2708 κτλ,
1054 2661 1100 2706 468
1118 2657 1150 2706 D.
1169 2658 1199 2706 Ε.
1227 2658 1327 2710 Scribas

146 2778 148 2782 ⁸
199 2723 310 2772 deumne.
345 2723 437 2772 Sensus
461 2723 563 2772 illorum
588 2728 626 2774 ἐὰν
646 2726 688 2787 μὲν
704 2747 736 2760 -
782 2724 863 2786 'igitur
879 2739 930 2772 non
948 2727 1105 2786 assequentes
1122 2723 1199 2787 hujus
1214 2725 1326 2774 dialecti-

119 2818 124 2822 -
197 2793 224 2840 το
246 2791 362 2857 ὠφελίμοις
377 2795 494 2860 πράττειν.
511 2790 553 2838 hio
570 2796 621 2838 est:
639 2789 663 2836 si
679 2788 737 2851 quie
785 2803 824 2838 oes
841 2788 1061 2845 subtilitatemat
1076 2793 1323 2857 γνοετεςολλλάοτοχα·

189 2856 295 2918 jaciens
311 2871 375 2917 quae
390 2855 441 2903 sita·
458 2857 574 2904 uideatur
589 2854 736 2917 nelplcccnt
785 2860 891 2920 οάμκνα,
915 2854 1082 2918 depravarunt
1103 2857 1186 2902 locum
1203 2857 1325 2918 corrigere

170 2974 173 2978 ,
197 2937 228 2969 ee
250 2921 284 2970 a'ts
307 2921 506 2969 commoditatem
521 2921 660 2984 percipiat.
679 2920 696 2967 i:
714 2935 734 2968 e.
783 2926 809 2969 et
816 2921 934 2985 per-ficere
944 2935 1000 2968 eum
1009 2919 1119 2968 volentes
1129 2920 1243 2969 addendo
1252 2924 1325 2973 verba

198 2986 292 3036 Graece
314 2991 352 3037 isle
374 2996 408 3054 τῷ
422 2992 549 3055 πράττοντι
566 2991 582 3036 S
599 2987 657 3037 δοκεῖ
674 2988 736 3052 αὐτῷ
783 2991 822 3038 κοιλ
844 2991 912 3038 τοῦτο
933 3011 966 3025 -
987 2985 1105 3048 διἰνοιτθοιι,
1131 2990 1155 3033 et
1178 2990 1216 3037 καὶ
1233 2995 1326 3058 σμικρὸν
1380 3023 1384 3034 ι

195 3057 280 3111 ἕπηται
297 3056 343 3103 κτλ.
360 3052 437 3112 Quod
453 3068 529 3118 porro
541 3053 637 3101 adtinet
648 3051 735 3100 adilla
784 3054 899 3116 δύνασθαι,
918 3056 956 3110 et,
974 3056 1004 3099 ut
1014 3052 1149 3114 quamdam
1160 3052 1254 3101 scilicet
1266 3069 1324 3104 con-

196 3122 234 3170 καὶ
250 3127 317 3170 τοῦτο
332 3144 365 3157 -
380 3120 609 3183 ςλμλγαδὺιατθαι,
624 3116 734 3173 faccon-
784 3119 948 3186 structionem
970 3117 1141 3174 restituerent,
1157 3119 1272 3167 voculam
1288 3142 1325 3173 τε,
1351 3141 1356 3148 ·

197 3186 360 3233 structionem
377 3185 405 3233 in
420 3185 452 3232 iis
464 3189 514 3233 non
526 3185 679 3239 claudicare,
691 3183 735 3231 sed
785 3183 825 3232 Ob
841 3185 902 3233 haec
919 3183 1029 3247 duplicia
1040 3187 1184 3245 argumenta
1194 3189 1219 3233 et
1230 3201 1258 3233 ex
1271 3187 1324 3236 dia·

197 3251 313 3298 omnibns
330 3250 440 3299 numeris
456 3251 595 3299 absolutam
606 3265 664 3298 esse.
687 3248 736 3298 Vel
784 3250 872 3299 lectica
897 3250 977 3314 petita
1000 3253 1026 3296 et
1047 3263 1077 3296 ex
1099 3251 1261 3311 grammatica
1277 3269 1323 3301 nos

197 3316 233 3364 sic
242 3315 365 3364 verbaille
372 3316 431 3365 ierri
441 3332 490 3365 non
496 3321 605 3383 possent.
617 3315 736 3363 Diximus
785 3315 869 3364 locum
891 3316 927 3364 ita
949 3314 1107 3363 scribendum
1125 3330 1268 3376 censemus,
1284 3319 1324 3368 uti
1361 3322 1363 3327 '

197 3381 323 3430 Socratem
340 3382 389 3429 hoc
405 3381 486 3430 solum
503 3397 583 3446 egere,
600 3386 631 3429 ut
678 3397 736 3429 rsus
783 3383 860 3431 modo
877 3380 1040 3430 ostendimus.

196 3447 254 3496 deat
267 3448 341 3504 Polo,
355 3452 474 3512 tyrannos
486 3453 511 3496 et
521 3448 633 3496 rhetores
654 3447 734 3495 acien-
815 3476 848 3485 -
860 3447 883 3496 B
896 3449 963 3498 Σὺ-
971 3452 1091 3516 ἀπόκριναι
1099 3449 1170 3498 ταύτὸ
1178 3452 1256 3512 τοῦτο]
1272 3450 1324 3516 Op·

106 3567 109 3574 ·
196 3518 233 3562 tes
255 3517 272 3564 S
295 3515 354 3564 δοκεῖ
375 3516 462 3578 αὐτοῖς,
491 3521 524 3579 μὴ
545 3521 608 3578 μίγα
630 3515 734 3565 δύνασθαι
782 3513 843 3569 time
863 3513 1026 3575 corrigentem
1048 3515 1114 3569 αὐτὸς
1134 3529 1181 3579 pro
1200 3519 1271 3568 ταύτὸ
1286 3533 1323 3565 re·

196 3579 281 3643 Atque
302 3585 401 3628 tentum
424 3581 505 3637 abest,
530 3585 560 3628 ut
577 3581 689 3628 Socrates
707 3585 733 3631 το
780 3579 871 3629 feliunt
886 3577 950 3627 falso
966 3583 1121 3642 argumento:
1146 3580 1242 3629 Dicunt
1258 3582 1323 3631 illud

196 3646 247 3695 sive
264 3648 353 3703 δικαίοις
369 3645 421 3694 sive
436 3646 516 3703 ἀδίκοις
526 3647 732 3697 martianaeus.
782 3649 811 3696 Σὺ
837 3647 873 3694 ite
900 3645 1013 3710 positum
1041 3643 1123 3709 primo
1150 3645 1206 3693 loco
1235 3648 1324 3696 habere

196 3712 289 3761 dixerit
309 3727 362 3761 esse
384 3718 445 3778 μίγα
466 3714 570 3763 δύνασθαι
577 3750 585 3776 ,
604 3718 632 3759 ut
649 3713 734 3776 potius
764 3719 885 3778 Ιτὸνοιοιν,
902 3711 1008 3774 ideoque
1024 3713 1090 3765 αὐτὸς
1106 3715 1171 3758 stare
1185 3717 1243 3776 post
1259 3713 1324 3762 illud

196 3783 296 3836 contra,
320 3777 365 3842 qui
388 3779 525 3826 secundum
546 3777 637 3827 Polum
659 3778 745 3826 talem
783 3793 834 3827 non
851 3793 930 3843 posse.
950 3776 1017 3824 Vide
1033 3781 1115 3823 eutem
1134 3777 1175 3841 Sy.
1195 3779 1239 3827 172
1257 3779 1280 3826 B
1293 3808 1325 3816 -

195 3849 343 3909 potestatem
356 3843 463 3892 habeant
474 3843 651 3908 (interficiendi
662 3845 734 3907 ete),
766 3847 850 3909 ¹elui,
885 3846 911 3894 τὺ
935 3845 1001 3899 αὐτὸς
1025 3849 1149 3910 παρεγένου
1172 3850 1201 3912 τῇ
1226 3850 1327 3913 συνουσίᾳ
1416 3849 1419 3852 ’

195 3925 237 3958 eos
265 3911 333 3959 dicat
359 3909 475 3958 omnium
501 3911 593 3958 civium
619 3912 737 3976 ἐλάχιστον
785 3912 859 3978 ταυτῃ
875 3915 890 3968 ἣ
904 3911 939 3967 ὥς
952 3913 977 3957 et
988 3909 1055 3956 locos
1067 3909 1182 3957 laudatos
1195 3911 1227 3958 ud
1239 3914 1285 3958 452
1295 3913 1326 3960 Β.

197 3976 301 4027 δύνασθαι
325 3980 350 4024 et
375 3991 407 4024 ne
430 3980 561 4041 repigratur
585 3976 686 4039 quidem
709 3977 736 4024 in
786 3976 839 4036 Qui
857 3979 957 4024 vertunt
973 3977 1139 4038 τοῦτοτοῦτο,
1157 3975 1222 4024 hano
1240 3977 1324 4026 lectio·

196 4039 339 4091 civitatibus
360 4043 419 4107 (466
436 4043 483 4105 Β),
505 4048 530 4092 et
550 4046 580 4090 ut
595 4047 634 4094 τὸν
648 4042 687 4090 vel
704 4043 736 4101 δι-
784 4057 840 4090 nem
858 4040 1029 4096 defendentes,
1047 4040 1174 4104 peridem
1191 4043 1248 4100 Ῑιοο,
1260 4048 1331 4091 recte·

196 4110 264 4164 καλως
279 4109 437 4160 recursem
453 4124 556 4174 prorsus
572 4113 687 4171 ἀζήλωτον
698 4109 735 4156 di·
785 4108 887 4171 quidem
903 4111 1018 4164 vertunt,
1036 4106 1078 4154 sed
1094 4123 1146 4155 non
1161 4108 1260 4166 vident,
1270 4109 1323 4173 jam

196 4179 236 4222 cat
254 4174 313 4230 (469
330 4173 373 4237 Β).
399 4174 464 4223 (lum
480 4175 559 4238 igitur
575 4191 620 4239 per
635 4180 736 4240 τομλγα
785 4174 848 4222 alius
859 4172 1016 4238 responderit
1028 4172 1057 4220 id
1067 4187 1165 4222 necesse
1176 4189 1241 4229 esse,
1256 4179 1324 4222 ente·
1363 4223 1365 4226 ,

197 4240 461 4304 δυναιοαι(οοοιιηι1ιιηι
473 4241 563 4290 Polum
576 4245 737 4311 ετοτομαν-
785 4256 861 4305 quam
889 4240 947 4304 quis
976 4239 1043 4286 idem
1071 4240 1219 4305 respondere
1240 4239 1325 4304 juberi
1420 4251 1425 4264 ⁶

195 4313 238 4356 sels
254 4311 300 4354 eto.
319 4306 365 4354 469
384 4305 423 4368 G.)
443 4305 568 4371 imprimis
584 4306 627 4355 hic
643 4308 736 4357 intelli·
785 4307 874 4382 possit.
905 4305 941 4354 Et
963 4305 1007 4369 qui
1035 4320 1063 4352 en
1089 4310 1191 4355 vertunt
1213 4321 1258 4369 per
1280 4306 1325 4353 Ιιοο

195 4373 304 4434 gendum
329 4371 363 4419 sit
385 4376 412 4423 τὸ
433 4376 599 4436 ἀποκτιννόναι,
622 4377 738 4441 ἐκβάλλειν
786 4388 867 4436 spemn
888 4389 920 4420 ne
941 4370 1087 4434 intelligunt
1103 4371 1203 4436 quidem
1222 4371 1326 4419 Graecas

195 4443 259 4492 eto,
283 4453 336 4486 non
360 4437 414 4487 fleri
439 4444 534 4502 potest,
558 4445 588 4487 nt
610 4440 659 4488 hoc
675 4447 738 4504 μίγα
785 4437 876 4502 Itaque
903 4453 936 4486 ne
959 4437 1059 4486 dubites
1086 4439 1164 4499 legere
1188 4439 1254 4494 αὐτὸς
1278 4453 1325 4502 pro

196 4503 300 4556 διἰνοιοθαι
323 4503 375 4552 ullo
397 4503 473 4552 modo
490 4520 504 4552 a
522 4505 622 4554 Socrate
639 4506 738 4554 dicatur
785 4508 863 4557 ταύτό.
896 4503 963 4552 Vide
987 4519 1017 4552 ex
1039 4504 1126 4552 multis
1148 4519 1228 4551 unum
1244 4511 1325 4552 exem-

196 4570 249 4621 sive
264 4585 349 4620 revera
364 4576 427 4636 μίγα
443 4570 548 4623 δυναοθαι
559 4585 612 4620 esso
622 4572 674 4622 eise
684 4591 736 4636 ομι-
785 4572 869 4638 plum,
887 4571 915 4619 in
932 4571 980 4633 564
998 4569 1030 4641 (λ,
1046 4570 1091 4618 ubi
1108 4569 1188 4618 eidem
1200 4569 1269 4618 dicto
1281 4571 1325 4618 ob.
1350 4634 1359 4648 t
