3038 5122
177 301 239 365 148
602 294 880 361 PLATONIS

171 504 283 575 δικαίως
315 499 493 581 διαχειρίζειν
523 495 559 564 σίν
589 522 634 571 τις
666 500 812 582 ε’πιτρίπη·
845 495 884 572 είς
916 500 957 564 ri.
970 500 1020 565 κα)
1034 498 1121 589 Ιπθνυ
1143 498 1332 578 ἐλλίγιμοςΒ

171 609 275 686 γέγονε
296 607 347 671 καί
369 607 408 677 είς
431 607 496 676 τοὺς
519 601 627 676 ἄλλους
648 606 816 685 Ἕλληνας,
839 606 1013 686 Ἀριστείδης
1036 604 1258 697 θΛυσιμοίχουξ
1274 607 1299 670 οἱ

171 715 199 778 δὲ
222 711 341 794 πολλοὶ,
366 707 386 775 ὦ
409 707 526 788 ίιριστε,
550 711 631 775 κακοί
655 711 806 788 γίγνονται
829 715 884 774 τῶν
907 711 1062 798 δυναστῶν.

215 815 371 883 LXXXIL
393 814 488 895 Ὅπερ
511 810 557 881 οὖν
580 815 696 894 ἔλεγον,
720 816 834 880 ε’πειδοὶν
851 810 867 881 ’ὁ
888 817 1087 893 Ῥαδιίμανθυς
1100 818 1203 888 ἐκεῖνος
1215 824 1302 882 τοιοῦ-

111 999 114 1007 ‚
165 925 217 989 τθν
248 947 313 988 τινα
342 921 444 1003 λοίβη,
477 917 552 985 ἄλλο
579 921 636 998 ,μὲν
667 921 729 1003 περί
761 923 850 987 αὐτοῦ
876 925 926 988 οὐκ
951 918 1040 1002 οίδεν,
1062 922 1118 988 οὔθ’
1139 919 1217 994 ὅστις
1240 922 1298 988 οὔθ’

170 1025 303 1104 ὧντινων,
328 1026 369 1092 ὅτι
393 1023 560 1114 δὲσπονηρθς
582 1047 638 1098 τις·
661 1026 710 1092 καί
734 1033 818 1092 τοῦτο
841 1028 961 1092 κατιδὼν
982 1028 1161 1109 ἀπέπεμψεν
1176 1029 1216 1099 είς
1231 1026 1300 1108 τοίρ-

105 1147 109 1160 “
171 1158 256 1215 ταρον
279 1130 545 1215 ἐπισημηνάμενος,
569 1131 670 1197 ἐνίοτ’
693 1130 807 1208 ίοίσιμος
830 1133 880 1197 εἰίν
904 1133 931 1198 τ’
953 1134 1071 1205 οίνίατος
1094 1133 1159 1215 δοκή
1182 1129 1264 1197 εἶναι·
1287 1134 1301 1198 θ

171 1240 197 1304 δ’
224 1238 311 1304 ἐκείσ’
341 1235 516 1319 ἀφικόμενος
548 1238 589 1301 τθι
612 1238 789 1318 προσήκοντα
812 1238 935 1318 ποίσχει·
958 1239 1046 1303 ε’νίοτε
1068 1237 1094 1302 δ’
1118 1235 1213 1311 θλλην
1235 1237 1333 1307 aiore

171 1346 221 1410 διδν
244 1344 325 1415 ὁσίας
348 1342 524 1421 βεβιωκυῑαν
549 1341 597 1406 καί
621 1345 688 1418 μετ’
710 1342 866 1421 οίληθείας,
889 1343 985 1424 οίνδρθς
1009 1344 1116 1409 ἰδιώτου
1135 1344 1229 1424 τινὸς,
1244 1341 1302 1421 μοί·

87 1432 89 1441 ¹
131 1487 135 1494 ·
173 1466 263 1515 λιστα
284 1451 353 1526 μὲν,
377 1446 473 1526 ἔγωγέ
495 1452 591 1529 φημι,
616 1441 637 1512 ὦ
658 1450 853 1523 Καλλίκλεις,
876 1447 1038 1531 Φιλοσόφου
1061 1440 1101 1515 τοί
1124 1451 1212 1514 αὑτοῦ
1228 1449 1303 1529 προθ-

176 1554 279 1630 ξαντος
308 1554 357 1618 καί
384 1556 415 1617 οὐ
437 1554 771 1632 πολυπραγμονήσαντες
795 1554 824 1617 ἐν
847 1557 887 1635 τῷ
909 1554 984 1635 βίῳ,
1009 1552 1121 1633 ήχσίσθη
1144 1553 1249 1619 τεκαὶ
1273 1555 1302 1625 ἐς

86 1730 89 1735 ,
173 1661 311 1740 μακοίρων
341 1660 440 1735 νήσους
473 1657 647 1738 ἀπέπεμψε.
674 1658 775 1723 ταθτίι
795 1664 897 1723 ταῦτα
919 1660 969 1724 καί
992 1661 1005 1724 ί
1028 1659 1146 1732 Αίοικθς.
1170 1659 1303 1736 ἑκοίτερος

175 1767 203 1830 δὲ
224 1766 338 1830 ’τούτων
369 1763 474 1845 ῥοίβδου
504 1764 581 1844 ἔχων
613 1762 730 1845 δικθζει·
760 1765 774 1829 ὁ
805 1747 837 1827 δὲ
858 1765 956 1836 Μίνυς
979 1765 1138 1829 ἐπισκοπῶν
1162 1763 1301 1847 κσίθηται,
1338 1825 1344 1839 ,

175 1870 256 1948 μθνος
279 1869 355 1952 ἔχων
378 1875 502 1950 χρυσοῦν
524 1877 683 1948 σκῆπτρον,
705 1866 742 1942 de
764 1878 852 1950 φησιν
877 1870 1035 1942 Ὀδυσσεὺς
1058 1871 1221 1951 θ·’ομήρου
1237 1869 1353 1956 ίδείνΙ),

174 1976 260 2041 αὐτὸν

307 2061 428 2144 χριίοεον
450 2070 592 2140 σκῆπτρον
616 2061 744 2144 ἔχοντα,
766 2062 972 2146 θεμιστεύοντα
994 2062 1129 2130 νέκυσσιν.

179 2203 258 2278 'ayt
288 2202 342 2278 μὲν
371 2197 433 2283 οὖν,
460 2197 698 2278 ὦΚοιλλίκλεις,
722 2200 775 2265 tat
798 2199 905 2266 τούτων
926 2206 982 2266 τῶν
1004 2184 1100 2279 λθχιον
1123 2199 1299 2283 πέπεισμαι,

180 2308 228 2372 καί
252 2314 363 2390 σκοπῶ,
386 2303 461 2379 θ’πιος
483 2306 695 2389 ἀποφανοῦμαι
717 2309 758 2371 cd·
780 2315 860 2389 κριτῇ
882 2310 917 2376 ὡς
934 2308 1110 2384 ὑγιεστιίτην
1125 2310 1177 2383 τήν
1192 2311 1302 2389 ψυχήν.

177 2415 290 2494 χαίρειν
311 2409 357 2477 οὖν
380 2410 471 2482 ἑνίσας
493 2412 549 2482 τοὶς
569 2413 663 2490 τιμὰς
684 2414 741 2485 τὰς
764 2418 820 2478 τῶν
842 2421 955 2478 πολλῶν
978 2415 1143 2494 ἀνθρώπων,
1161 2416 1213 2485 τήν
1229 2416 1301 2490 οὶλή-

180 2521 256 2584 θειαν
279 2522 390 2582 σκοπῶν
412 2514 585 2597 πειροίσομαι
608 2520 649 2598 τῷ
671 2517 728 2585 θντι
750 2519 786 2591 ὥς
809 2517 846 2584 θιν
868 2519 994 2597 δύνωμαι
1016 2518 1172 2597 βέλτιστος
1195 2521 1231 2585 ὢν
1252 2523 1301 2586 καί
1330 2522 1332 2527 ’

207 2704 288 2754 526ss
307 2702 590 2769 d‘Paddnoevdusixrirog]
612 2704 713 2755 Diserte
760 2721 817 2755 mus
833 2708 892 2772 poet
909 2709 1006 2765 ἡσίλλου
1015 2725 1072 2762 τινος
1082 2721 1141 2754 mox
1152 2705 1301 2758 inGobvis.

173 2771 236 2822 dioit
252 2775 352 2829 auctor,
369 2774 428 2836 post
446 2771 571 2836 copiosius
584 2772 713 2837 disputata
793 2798 826 2808 -
843 2772 867 2821 D
884 2780 923 2832 τήν
938 2776 1044 2830 ἀλήθειαν
1060 2775 1155 2835 σκοπῶν]
1178 2771 1212 2821 In
1223 2773 1301 2824 Phae-

173 2839 206 2888 ds
222 2842 322 2903 ἰσοτίμοις
338 2841 363 2886 et
379 2839 476 2896 ἀνιάτοις
497 2837 525 2886 in
542 2840 589 2887 525
606 2839 712 2888 Β-526
761 2837 834 2887 donis
851 2839 962 2888 editione
974 2839 1028 2904 jam
1045 2838 1119 2888 verbo
1135 2837 1244 2888 indicavi
1255 2856 1302 2906 pro

28 2902 29 2907 ’
91 2950 93 2954 .
171 2905 209 2964 Β,
227 2921 253 2954 so
270 2905 313 2952 hic
329 2908 439 2969 repetere
454 2903 542 2968 paucis
559 2918 622 2968 quae
639 2921 712 2970 snpe-
762 2915 848 2956 σκοπῶν
863 2904 1035 2971 reponendum
1051 2919 1104 2953 esse
1119 2910 1199 2954 ἀσκῶν.
1229 2905 1302 2956 1πο

172 2971 225 3020 rius
243 2972 339 3020 dixerm
355 2971 383 3018 in
400 2971 447 3017 524
464 2969 489 3017 D
512 2969 614 3021 Ἐπειδὰν
630 2972 665 3022 οὖν
680 2996 714 3011 -
761 2977 915 3020 ooncmrunt
931 2975 997 3030 ὁσίοις
1013 2975 1038 3020 et
1054 2968 1107 3036 μετ’
1122 2975 1227 3030 ἀληθείας
1243 2988 1302 3022 cum

173 3041 184 3088 ὸ
194 3038 343 3103 Ῥαδάμανθυς
349 3041 440 3093 ἐκείνους
447 3041 570 3111 ήπιστήσας
579 3039 626 3088 xri.
634 3053 713 3101 usque
762 3046 816 3103 ζῆν,
827 3042 853 3086 et
860 3038 929 3103 apud
937 3035 1131 3102 Xenophontem
1140 3036 1221 3099 Anub-
1229 3037 1268 3087 ΙΙ.
1278 3042 1302 3098 6,

171 3105 203 3153 ad
221 3107 267 3153 525
280 3103 303 3152 Α
316 3107 436 3161 ἀνατλῆναι
448 3109 478 3153 τά
490 3113 631 3172 προσήκοντα
642 3110 711 3166 πάθη.
761 3106 791 3152 25
815 3120 893 3153 unum
917 3103 1033 3167 idemque
1048 3103 1146 3168 periodi
1162 3105 1302 3154 membrum

172 3170 204 3218 In
221 3169 312 3234 quibus
329 3175 427 3219 tantum
445 3169 508 3233 quid
524 3170 554 3218 de
569 3177 666 3228 ἀνιάτοις
676 3170 712 3219 fa·
760 3170 835 3219 habet
857 3175 877 3221 oi
900 3174 956 3221 ὅσιοι
977 3175 1002 3218 et
1018 3174 1039 3220 oi
1055 3173 1159 3228 ἀλήθειαν
1174 3177 1300 3230 ἀσκοῦντες.

171 3242 237 3285 oerct
259 3235 469 3285 Rhadamanthus
491 3236 623 3295 docuerat,
649 3252 712 3285 non·
761 3236 866 3286 Accedit
891 3237 1016 3301 primum,
1041 3236 1110 3300 quod
1129 3236 1198 3302 apud
1217 3238 1301 3286 Plato·
1365 3285 1367 3292 s

171 3303 232 3351 dum
253 3302 364 3366 quidde
381 3305 481 3362 ίσισίμσις
497 3316 600 3351 suorum
616 3303 712 3366 indige·
760 3319 817 3351 nem
834 3307 872 3354 καί
888 3313 1002 3355 σκσπῶ-
1014 3313 1098 3354 σκοπῶν
1105 3303 1300 3368 perscaliquam
1362 3307 1365 3313 '

171 3385 271 3428 narum,
298 3383 378 3432 neque
403 3368 465 3430 quid
487 3368 518 3416 de
540 3371 605 3426 ὁσίως
625 3385 712 3418 eorum
760 3369 921 3418 offensionem
949 3368 1031 3418 habet.
1075 3368 1205 3427 Secundo,
1232 3371 1301 3434 quod

170 3441 301 3502 βεβιωκόσι.
336 3433 413 3494 Quod
439 3433 517 3496 igitur
539 3451 606 3484 nunc
629 3433 711 3484 trihus
759 3442 835 3486 ἀσκεῖν
856 3439 882 3484 et
899 3443 989 3485 σκοπείν
1007 3434 1126 3484 facillime
1142 3434 1300 3486 confundun-

170 3501 252 3550 verbis
268 3504 366 3549 enarrat
383 3500 550 3564 complectens
567 3517 665 3555 omnes.
680 3502 711 3551 de
759 3506 802 3550 tur
818 3502 846 3550 in
863 3501 999 3551 codicibus.
1022 3500 1080 3550 Imo
1096 3516 1143 3566 pro
1159 3501 1238 3566 priori
1250 3522 1300 3553 σκο-

170 3567 261 3630 quibus
279 3566 473 3614 Rhadamantho
486 3566 612 3630 judicium
630 3567 709 3616 feron-
759 3577 795 3618 πῶ
814 3568 931 3616 nonnulli
950 3567 1047 3616 codices
1065 3567 1158 3617 liabent
1176 3574 1247 3619 ἀσκῶ.
1268 3595 1301 3608 -

170 3633 239 3681 dum.
271 3633 361 3696 Itaque
383 3632 459 3680 iidem
481 3647 580 3690 omnes,
598 3649 660 3697 quos
677 3633 710 3682 ad
760 3634 893 3697 Sequentia
916 3641 1056 3702 πειράσομαι
1078 3637 1197 3699 βέλτιστος
1219 3639 1248 3686 ὢν
1263 3639 1300 3686 καί

168 3715 307 3763 pronomen
324 3703 415 3755 ἐκείνους
431 3698 459 3747 in
476 3699 559 3747 5241)
571 3700 710 3763 intelligen·
760 3709 799 3763 ζῆν
815 3705 875 3765 καί,
887 3702 977 3751 ἐπειδὰν
992 3706 1136 3764 ἀποθνήσκω,
1149 3705 1300 3760 ἀποθνήσκειν.

169 3765 214 3813 dos
231 3765 506 3822 essediximus,etiam
516 3765 710 3829 hicinteliigan·
759 3782 810 3815 non
831 3765 926 3816 intacta
947 3767 979 3815 ab
1000 3767 1185 3831 interpolatore.
1215 3767 1300 3826 Quam

168 3836 211 3879 tur
236 3846 333 3880 necesse
358 3837 403 3880 est.
438 3830 513 3880 Unde
537 3837 640 3896 apparet
664 3847 710 3896 pro
760 3833 826 3882 enim
853 3833 904 3881 vim
932 3833 1024 3882 habent
1055 3833 1144 3882 ἐπειδὰν
1170 3838 1301 3890 ἀποθνήσκω

168 3902 247 3955 ίκεῖνος
271 3897 348 3946 fuisse
373 3900 456 3948 ἐκείνων
480 3897 497 3945 i.
521 3913 542 3946 e.
569 3911 611 3948 τῶν
630 3904 654 3949 ἐκ
670 3908 712 3956 τῆς
759 3903 918 3957 οίποθνήσσιειν.>
937 3899 1034 3948 Sciolus
1051 3909 1084 3964 τῷ
1095 3903 1238 3954 ἀποθνήσκειν
1248 3901 1300 3948 vim

168 3962 243 4020 ’natur
259 3972 448 4029 ἀφαιρήσειν-
463 3964 712 4027 Porrolcgimushic
759 3971 798 4018 τοῦ
815 3972 915 4017 τεθνάναι
932 3968 1070 4015 esseratus
1086 3965 1125 4013 vel
1141 3965 1227 4028 potius
1245 3966 1299 4030 opi·

87 4087 90 4092 ¹
168 4033 206 4081 καί
224 4037 290 4080 τοῦτο
307 4033 402 4082 κατιδὼν
419 4030 556 4078 secundum
571 4047 658 4080 omnes
670 4047 710 4080 oo-
759 4037 833 4080 natus
849 4031 1011 4096 adscripsisse
1024 4030 1124 4079 videtur
1135 4029 1200 4078 iilud
1211 4033 1301 4082 ἐπειδὰν

168 4096 234 4144 dices
252 4101 349 4161 praeter
359 4112 437 4144 unum
450 4096 500 4158 (τὸν
510 4097 590 4145 Paris.
599 4097 654 4162 V),
665 4098 710 4162 qui
759 4103 904 4158 ἀποθνήσκω,
921 4096 990 4160 quod
1001 4111 1045 4158 ego
1055 4100 1138 4145 tamen
1149 4112 1228 4160 neque
1241 4114 1298 4146 oum

167 4162 242 4210 habet
265 4167 342 4213 τοῦτον
363 4178 409 4227 pro
433 4168 507 4213 τοῦτο.
541 4162 642 4212 Nullam
663 4179 709 4212 nos
758 4169 860 4216 τεθνάναι
883 4163 981 4212 ferrem.
1011 4163 1071 4210 Non
1093 4178 1156 4226 opus
1179 4179 1232 4212 esse
1253 4164 1299 4212 tali

166 4243 271 4277 numero
283 4229 399 4276 codicum
410 4228 585 4277 auchrritatem
595 4228 707 4278 tribuam
757 4230 852 4278 medela
867 4229 985 4282 ,dicentes
1008 4228 1096 4277 audire
1118 4229 1182 4277 mihi
1203 4230 1297 4279 videor.

97 4304 99 4308 '
167 4297 204 4342 tes
227 4309 283 4343 enm
306 4311 373 4343 nunc
391 4294 519 4356 sequimur
535 4295 660 4354 codicem,
678 4312 708 4345 ox
756 4296 850 4344 Ferant
872 4295 951 4358 igitur
973 4295 1050 4343 istud,
1086 4295 1121 4344 Et
1145 4311 1176 4344 uo
1198 4296 1251 4344 solo
1268 4312 1297 4346 eo

165 4375 217 4422 quo
240 4375 290 4408 uno
307 4361 402 4408 multae
418 4359 496 4422 bonae
513 4361 631 4410 lectiones
646 4377 706 4428 pro·
755 4362 892 4424 gaudeant,
909 4361 1034 4426 accipiant
1046 4361 1120 4410 etiam
1131 4377 1154 4410 v.
1166 4376 1202 4424 gr.
1214 4369 1298 4428 πειρά-

166 4425 274 4474 dieruut.
316 4426 536 4486 Quemadmodum
568 4427 606 4476 vel
635 4427 707 4477 nulio
756 4448 825 4494 σομσιι
850 4455 883 4464 -
908 4433 1053 4496 ἐγρηγορέναι
1074 4431 1125 4490 καί,
1147 4429 1236 4478 ίπιιδάν
1253 4448 1296 4480 κοι-

128 4498 129 4501 ’
166 4492 252 4559 codice
274 4498 388 4549 auctore,
406 4493 450 4542 sed
466 4494 552 4541 eodem
568 4492 705 4543 Germano·
755 4497 838 4559 θεὺδω,
857 4496 975 4545 καθεύδειν.
1265 4504 1267 4508 ”

165 4573 222 4607 rum
236 4559 337 4617 critico,
353 4565 422 4626 ψυχήν
436 4559 608 4629 recipiendum
622 4575 705 4611 oense·
