3038 5122
165 318 264 379 xxm
526 306 929 380 PROLEGOMENA':

96 501 98 503 ¹
166 494 334 608 aldibrantet
356 517 388 581 l'u
412 519 549 601 quemvis
570 522 704 584 orionem
726 518 887 603 rapiamur.
917 502 1119 582 'succurre
1135 516 1291 600 digressus

166 626 244 686 sum.
265 621 397 686 Ostendi
421 621 612 707 syllogismos
635 624 668 688 in
685 623 800 707 Gorgia
814 622 930 686 indices
942 640 1008 684 essu
1023 622 1174 686 thematis.
1197 620 1292 684 Nunc

166 727 337 803 rideamus,
362 727 513 810 quomodo
536 729 590 812 qui
612 729 725 813 legitor
747 730 777 792 iu
801 731 864 792 too
888 734 1011 791 etcum
1035 727 1105 791 aliia
1127 727 1292 810 respicitur

165 832 197 896 in
222 833 285 896 508
307 831 333 922 (l
361 833 455 896 eidem
480 834 646 898 sententiae
669 852 752 898 meae
767 833 967 918 suffragetur,
984 839 1015 898 at
1031 841 1093 917 quo
1105 833 1174 916 jure
1190 838 1309 897 tamen.

165 937 352 1032 rellqhorum
376 937 556 1031 prodromos
578 938 639 1002 dlul
662 939 768 1023 possit.
804 938 940 1002 Socrates
956 939 987 1001 in
1001 958 1039 1001 eo
1055 937 1208 1001 nihildum
1224 946 1292 1000 tan-
1419 938 1424 945 ’

136 1106 139 1112 ,
166 1044 224 1128 git
233 1043 315 1127 qdod
329 1043 377 1106 'ad
399 1045 467 1128 ipsa
482 1045 540 1108 tria
555 1044 608 1108 illa
624 1045 724 1129 capita
739 1045 870 1130 pertinet
884 1043 1075 1117 δικαιοσύνην,
1092 1040 1291 1124 σωφροσύνην,

166 1149 357 1226 εὐδαιμονίαν.
392 1146 452 1212 Sed
485 1148 523 1212 de
552 1170 620 1213 vera
650 1149 817 1224 rhetorica,
847 1149 881 1212 iu
911 1168 972 1232 qua
994 1148 1154 1222 diaeresim
1178 1148 1293 1232 primas

165 1254 228 1338 agit
261 1238 384 1338 partis,
406 1275 476 1318 oum
503 1253 678 1318 rhetoribus
702 1254 943 1338 disceptaturus,
968 1252 1147 1337 ditpstaodi
1168 1251 1292 1315 initium

166 1357 205 1423 ali
230 1340 267 1422 'ee
290 1357 392 1435 ducit,
421 1367 528 1443 utpote
551 1366 612 1444 quo
635 1360 771 1444 cogitur,
796 1380 898 1422 rerum
918 1357 1074 1422 rhetorem
1094 1353 1203 1421 debere
1227 1368 1294 1420 esse

165 1462 322 1529 discernet
346 1465 500 1529 seientiam
524 1448 634 1529 habeis
656 1471 712 1530 'otia
733 1463 855 1530 durator.
890 1463 999 1543 Qualis
1022 1474 1092 1527 oum
1109 1462 1214 1526 sithiu
1230 1461 1291 1546 syl·

166 1568 330 1653 logismus,
354 1570 444 1634 simul
468 1571 659 1648 rhetoribus,
674 1571 714 1634 si
738 1569 861 1654 quidem
886 1558 944 1632 hcc
967 1558 1089 1634 nomios
1112 1568 1197 1652 digni
1224 1587 1291 1630 esse

167 1668 276 1750 uelint,
312 1677 517 1741 necessitatem
549 1677 679 1762 imponit
708 1682 760 1742 τσῦ
792 1696 856 1740 esse
883 1676 983 1760 iustos
1015 1682 1046 1738 et
1073 1682 1176 1738 tenere
1205 1686 1295 1736 verae

168 1765 241 1845 artis
264 1780 429 1847 rhetoricae
453 1790 612 1867 praecepta
626 1782 768 1866 deinceps
789 1781 917 1858 tradita,
934 1792 1064 1866 quorum
1081 1796 1190 1864 agmen
1205 1778 1295 1842 duolt

167 1885 240 1951 hdo:
263 1887 372 1960 ostris
394 1891 509 1964 μᾶλλον
532 1888 612 1968 aaut
631 1885 803 1963 μσλὲσησέσν
826 1922 868 1937 -·
891 1881 1147 1951 cibioretensium
1170 1885 1217 1949 eal
1234 1883 1295 1968 ttta

166 1989 371 2075 retinacula.
587 1998 589 2001 ’
1283 2001 1288 2007 ’

632 2143 826 2158 m

213 2307 269 2372 Dii
291 2308 426 2373 IPSIUS
449 2309 657 2376 aposolus
679 2312 732 2376 ΕΤ
755 2314 811 2378 Du
834 2313 1015 2378 DIhLOGl
1038 2311 1247 2378 CONSILIO.

200 2503 297 2592 'Quid
321 2512 478 2577 Platonem
501 2513 656 2579 induxerit
680 2517 717 2580 ad
741 2515 886 2601 Gorgiam
910 2517 1161 2582 conscribendum
1181 2517 1299 2601 oonjeo-

169 2627 238 2684 tura
261 2626 379 2683 tantum
405 2620 535 2703 quadam
558 2623 676 2704 assequi
702 2616 872 2708 possumus.
906 2622 945 2687 tt
969 2632 1084 2686 veteres
1101 2631 1130 2686 et
1150 2624 1299 2686 meantia·

169 2738 233 2803 res,-
256 2736 319 2791 nou
343 2735 423 2788 recte
446 2725 546 2809 ipsum
564 2727 719 2811 dialogum
733 2728 943 2812 intelligentes
960 2736 1016 2792 aut
1029 2729 1153 2792 nimiam
1169 2729 1301 2794 fortasse

170 2821 260 2895 tidem
291 2830 436 2893 habentes
464 2828 556 2894 dictis
578 2833 779 2916 quibasdam,
804 2856 883 2918 quae
905 2834 977 2898 olim
1001 2832 1059 2898 sub
1082 2834 1220 2899 Platonis
1243 2843 1300 2899 aut

171 2936 301 3021 Gorgiae
324 2930 446 3002 nomine
469 2937 773 3017 circumferebantur,
799 2939 1087 3023 Platonem,*qnod
1110 2939 1298 3004 simultatem

126 3035 128 3038 ’
171 3026 338 3128 quamdam
360 3063 430 3107 cum
460 3041 632 3107 rhetoribus
663 3051 697 3107 et
715 3045 861 3128 sophistis
878 3045 1022 3109 'habuerit
1046 3053 1132 3109 tanto
1155 3065 1298 3110 successu

171 3149 399 3213 admirationem
423 3156 515 3230 atque
537 3164 642 3211 auram
666 3150 843 3233 popularem
865 3149 1077 3234 captantibus,
1094 3150 1209 3214 inuidia
1225 3149 1301 3214 due

171 3263 238 3317 tum
263 3259 322 3316 'ant
350 3252 561 3316 mactatione
583 3250 730 3336 Gorgiam
752 3255 964 3340 conscripsisse
987 3256 1197 3319 contendunt:
1219 3277 1303 3320 nuu-

171 3359 249 3423 nulli
262 3372 345 3420 susa
368 3358 447 3422 rit-ae
470 3359 603 3443 privatae
618 3359 795 3423 institutum
813 3359 995 3424 defendendi
1010 3373 1118 3439 causa,
1136 3371 1189 3425 ant
1204 3363 1297 3426 etiam
1376 3424 1378 3430 .

171 3465 304 3529 rhetores
327 3462 472 3526 irridendi
498 3485 597 3527 causa.
642 3463 755 3530 Varum
779 3464 864 3546 ζῆλος
890 3474 944 3528 aut
966 3467 1067 3546 Φδόνσς
1091 3466 1185 3530 aliaue
1208 3487 1301 3550 quae-
1349 3519 1351 3523 .

171 3570 240 3634 dam
264 3570 416 3645 δσσμὲνεισ
439 3570 472 3632 in
494 3569 544 3633 σὸν
565 3570 752 3650 pampinosae
775 3583 912 3635 nostrum
936 3571 1017 3635 nulli
1044 3572 1300 3656 philosophorum

172 3689 203 3740 et
230 3677 411 3758 script-urum
434 3673 601 3738 secundum
624 3675 732 3740 tedere
752 3692 816 3741 nou
838 3679 948 3761 potuit.
991 3680 1095 3760 Atque
1118 3677 1301 3762 hujusmodi

171 3781 358 3859 sarsmhoptp
387 3779 444 3843 hoe
472 3801 549 3862 opus
578 3780 679 3844 deberi
701 3781 880 3866 persuadere
904 3783 978 3846 mihi
1003 3802 1064 3846 uon
1088 3803 1223 3866 possum.
1264 3783 1300 3848 Si

172 3885 244 3971 quis
264 3893 366 3948 sutem
390 3884 563 3973 perhiberet
586 3885 745 3950 Platonem
766 3887 830 3951 veri
853 3909 887 3951 ac
911 3888 982 3951 boni
1006 3887 1184 3971 explorandi
1206 3909 1302 3953 eausa

172 3999 204 4053 et
225 3989 347 4074 publice
369 3989 550 4053 defendendi
573 3989 694 4054 obviam
713 3993 757 4055 ire
776 3993 910 4056 voluisse
929 3992 1098 4056 rhetoricae
1113 3992 1159 4056 illi
1175 4002 1301 4068 σεμσσϊς

172 4095 296 4180 quidem
318 4095 416 4172 λέξεσι
437 4096 610 4180 splendenti
634 4097 686 4161 sod
712 4105 808 4168 κεναῖς
824 4098 939 4170 ἐννοίαις
954 4098 1091 4162 sordenti
1106 4098 1300 4183 speciemque

173 4199 336 4286 quamdam
370 4202 580 4286 philosophias
615 4224 684 4288 prae
699 4200 754 4266 “affe
783 4204 911 4279 ferenti,
936 4203 1064 4286 ideoque
1088 4204 1124 4266 ad
1149 4202 1302 4288 Gorgiam

172 4304 425 4370 oomsodbendum
442 4306 573 4370 animum
592 4308 758 4392 appulisse,
774 4309 849 4372 huic
859 4308 1024 4372 morentiae
1036 4326 1134 4372 uuum·
1146 4307 1302 4375 dictorum

171 4409 312 4487 illerum,
338 4432 414 4497 quae
438 4411 475 4474 ad
498 4432 553 4475 nos
578 4401 794 4496 peruenerunt,
818 4428 881 4477 ren
897 4423 1087 4498 repugnaret.
1112 4413 1300 4497 Accepimus

173 4516 252 4579 enim
276 4517 445 4581 inieratis
467 4516 524 4582 hoo
555 4517 684 4603 Gorgiae
711 4519 845 4584 dictum:
872 4539 904 4584 sa
930 4539 1029 4605 neque
1055 4520 1171 4583 dixisse
1197 4540 1303 4607 nsque
