3038 5122
476 354 479 361 .
512 278 920 368 PROLEGOMENA'.
989 341 991 345 -
1198 312 1281 357 xxm

151 499 194 562 sic
213 452 312 584 pergil
327 497 464 578 Socrates
476 502 526 562 σοῦ
540 486 698 580 (Calliclis)
715 495 814 568 δ’ἴσως
826 496 1018 576 ἐπιλήψονται
1029 532 1073 544 -
1084 494 1134 561 sal
1147 501 1197 561 τοῦ
1208 498 1279 574 ἐμοῦ

151 606 260 687 ἑτούρου
284 604 498 688 Ἀλκιβιύδουρι
523 604 644 669 ποιλοιιοὶ
669 603 762 687 igitur
786 600 832 664 illi
855 600 972 686 politici
992 622 1082 685 quam
1100 600 1277 687 longissime

45 735 47 740 ⁸
141 709 328 775 'aberrarunt
351 733 368 773 a
391 708 463 773 boni
487 709 604 796 politici
628 708 743 786 officio,
767 705 836 772 ύνευ
855 708 914 786 γὰρ
933 706 1114 791 σωφροσύνης
1131 716 1161 772 et
1176 708 1279 776 δικοιιο·

151 816 235 893 σύνης
259 816 394 898 λιμένων,
418 800 524 896 τειχῶν
548 853 592 865 -
613 815 662 879 κού
685 813 816 906 τοιούτων
835 818 983 896 Φλυοιριῶν
1003 815 1212 892 ἐμπεπλήκασι
1226 817 1279 892 την

152 923 236 988 πόλιν
259 961 300 972 -
332 924 394 986 519
420 924 458 985 A.
1052 925 1053 928 ’

197 1030 280 1093 Haec
296 1029 392 1112 igitur
403 1013 572 1106 ποιροισιιευη
585 1049 661 1112 opus
674 1033 719 1090 est
732 1026 842 1111 cnique
854 1025 980 1105 homini,
992 1026 1076 1091 bono
1087 1026 1146 1091 civi
1158 1028 1278 1107 fulmo,

152 1144 181 1200 et
193 1136 338 1220 privatam
352 1135 441 1197 vitam
457 1134 569 1196 viventi
581 1141 611 1196 et
623 1131 776 1218 publicam
789 1132 907 1197 victuro
920 1141 950 1197 et
961 1133 1090 1200 viventi:
1103 1134 1279 1200 exercitatio
1359 1123 1360 1129 ἵ

151 1248 201 1308 τοῦ
220 1241 358 1322 προύττειν
378 1249 408 1304 et
427 1238 523 1317 λέγειν
542 1239 589 1303 ε’τὶ
608 1239 641 1303 τὸ
656 1238 761 1304 δι’κοοιον
773 1239 840 1318 πρὸς
852 1241 885 1304 τὸ
896 1238 1068 1318 βέλτιστον,
1084 1262 1119 1304 co
1132 1240 1278 1327 consilio,

153 1348 235 1433 qnod
258 1349 289 1412 in
313 1348 330 1431 S
348 1349 368 1409 *1
387 1344 479 1430 hujus
498 1345 606 1430 capitis
622 1344 838 1410 ostenditur‘et
856 1345 964 1410 deinde
981 1347 1102 1432 saepius
1117 1347 1275 1432 repetitur.

550 1497 687 1563 CAPUT
716 1498 881 1566 Ill-521.

154 1640 290 1704 Socrates
313 1638 413 1724 pergit
436 1636 592 1724 disputare
615 1659 684 1701 cum
708 1636 834 1703 Gallicle
861 1661 959 1726 usque
982 1639 1021 1703 ad
1044 1637 1156 1726 dialogi
1179 1641 1277 1708 finem.

271 1763 309 1828 Oi
332 1760 470 1827 πολιτικοὶ
494 1767 524 1824 ct
547 1761 571 1824 οἱ
594 1760 703 1841 ῥύτορες
727 1761 906 1846 (δημηγόροι)
929 1769 961 1826 et
981 1763 1006 1826 oi
1028 1763 1167 1844 σοφιστοοὶ

488 1864 604 1938 τούτύν.
638 1868 715 1949 (465
741 1866 782 1943 G,
808 1870 870 1931 519
895 1865 945 1954 G).

198 1987 239 2052 Hi
263 2011 366 2053 omnes
389 1987 495 2053 τοῦτὸν
519 1988 535 2064 ἢ
557 1989 650 2067 ἐγγύς
674 2013 719 2054 τις
743 1996 915 2073 queruntur
937 1990 1016 2054 enim
1041 1991 1154 2076 pariter
1174 2012 1279 2057 omnes

153 2104 183 2160 et
213 2095 383 2176 μὲμφοντοιι
406 2095 497 2174 τούτῳ
519 2095 559 2175 τῷ
582 2093 740 2175 πρύνμοιτι
763 2095 928 2180 (δημηγόροι
952 2095 1033 2161 πύλει
1058 2097 1196 2179 σοφισταὶ
1221 2119 1280 2176 μιν

87 2195 88 2199 ’
155 2203 267 2284 ύητοιῒς)
277 2250 286 2280 ,
306 2198 320 2266 ὃ
339 2200 421 2267 οιύποὶ
437 2198 617 2276 ποιιδεύουσι,
634 2202 671 2273 ὥς
689 2202 803 2282 πονηρόν
820 2202 897 2268 ἑστιν
914 2203 953 2274 εἷς
969 2204 1062 2286 σφοῖς.
1087 2200 1280 2269 Confitentur

46 2295 50 2302 Ι
108 2324 110 2327 ’
153 2308 264 2372 οὶδικίοιν
295 2307 326 2370 in
359 2330 390 2371 se
418 2328 539 2384 eorum,
564 2328 640 2390 quos
663 2307 722 2390 ipsi
745 2306 905 2372 docuerint
928 2315 960 2372 et
981 2308 1103 2380 δικούονς
1126 2309 1146 2372 i.
1171 2333 1196 2374 o.
1220 2331 1280 2375 me·

152 2412 242 2478 liores
265 2411 465 2488 reddiderint,
490 2411 572 2494 quod
595 2411 737 2477 facientes
756 2412 815 2497 ipsi
835 2419 969 2498 arguunt
988 2435 1076 2478 suum
1097 2415 1276 2494 ἐπιτήδευμα

153 2540 212 2582 non
245 2540 307 2581 esse
339 2523 431 2580 artem
464 2516 515 2581 sed
546 2514 654 2594 ἄλογον
687 2519 833 2598 πρύνμοι,
870 2540 933 2583 non
964 2519 1097 2598 ύληύινην
1127 2522 1279 2596 πολιτικὴν

152 2645 251 2706 neque
279 2623 412 2702 οὶληύινην
443 2624 600 2704 ῥητορικὴν,
625 2645 716 2709 seque
740 2624 800 2709 ipsi
822 2625 970 2690 alardum
993 2623 1036 2691 ύτι
1059 2625 1136 2691 οὐδὲν
1160 2627 1276 2709 eldemi-

153 2752 236 2794 κοοσιν
258 2725 304 2800 ούς
328 2736 420 2810 Φοισιν
443 2731 584 2810 ύφελεῖνε
609 2729 634 2793 si
658 2730 726 2813 quis
750 2728 830 2794 enim
852 2733 977 2812 ύφοιιρεῖ
991 2732 1043 2806 τὴν
1057 2732 1185 2816 ύδιιύοιν,
1202 2733 1279 2800 οὐδὲν

154 2835 237 2900 δεινὸν
269 2836 364 2916 οιύτῷ,
395 2835 438 2913 μή
469 2835 537 2898 ποτ’
567 2835 686 2918 ύδικηύρῑ
714 2836 763 2899 ὑπ’
784 2837 986 2917 οέφοιιρεύὲντος
1009 2839 1061 2913 την
1082 2839 1196 2903 οὶδιιιίοιν
1216 2865 1278 2909 -ς

155 2942 270 3026 siquis
294 2940 432 3005 docuerit
455 2939 535 3005 ὅντιν’
559 2939 595 3004 ἄν
617 2964 661 3013 τις
684 2939 784 3022 τρόπον
808 2943 845 3015 ὥς
868 2941 1022 3020 βέλτιστος
1045 2942 1086 3020 εἴη
1109 2944 1158 3010 κού
1174 2942 1280 3026 ἄριστον

154 3049 205 3121 την
237 3048 325 3112 οούτοῡ
352 3046 441 3112 οἰκίον
464 3047 572 3120 διοικούη
596 3045 613 3122 ἢ
637 3047 737 3132 πόλιν,
761 3060 807 3111 est
829 3047 902 3114 haec
924 3048 995 3125 μύνη
1018 3056 1074 3115 τῶν
1096 3053 1275 3132 εὐεργεσιῶν,
1362 3035 1364 3040 ’

156 3174 233 3238 quae
263 3153 310 3217 τὸν
341 3147 372 3217 εὖ
394 3149 509 3217 παθόντ’
533 3152 680 3231 ε’πιύυμεῒν
703 3160 779 3218 ποιεῖ
799 3152 865 3219 ἄντ’
887 3149 919 3219 εὖ
941 3163 1047 3236 ποιεῖν,
1069 3156 1113 3221 ita
1135 3165 1171 3221 nt
1188 3158 1281 3224 κοινὸν

156 3259 196 3322 sit
224 3265 356 3336 σημεῖον,
389 3258 415 3321 si
437 3259 450 3324 ὅ
475 3252 506 3323 εύ
528 3260 650 3336 ποιήσοις
674 3257 784 3337 ταύτην
807 3263 858 3337 τὴν
881 3262 1048 3342 εύερνεσύοιν
1072 3285 1132 3328 non
1155 3263 1221 3330 ἀντ’
1246 3259 1278 3337 εὖ

156 3365 288 3430 πείσετοοι
311 3401 355 3412 -
383 3365 444 3428 cal
468 3365 507 3430 A.

441 3570 444 3574 ,
541 3502 678 3569 CAPUT
701 3504 839 3583 ll-l'rssl
865 3508 903 3575 D.

393 3624 477 3708 'Earl
499 3643 620 3724 ποτέρων
653 3653 706 3721 τῆς
740 3645 851 3718 πόλεως
885 3648 1037 3730 ύεροιπεύοιν

463 3761 603 3829 Callicles
626 3774 797 3847 πωροικοιλεῖ
816 3767 977 3836 Socratem.

200 3886 339 3951 Callicles
374 3886 478 3969 (sicuti
507 3887 537 3950 in
564 3889 626 3952 513
651 3887 690 3974 0)
713 3911 812 3974 neque
834 3889 916 3956 nnnc
939 3891 1056 3958 Socrati
1079 3894 1227 3974 πεύύετοιι,
1249 3901 1280 3958 ot

156 3999 326 4073 ποιροιιιοιλεῖ
353 4014 422 4056 eum
453 4005 514 4057 non
545 3993 582 4056 ad
606 3996 657 4070 την
679 3996 831 4076 ύεροιπεύοιν
853 3999 905 4072 τὴν
927 4003 977 4063 τοῦ
1000 3997 1198 4081 διομύχεσύοιι
1220 4006 1286 4074 τοῖς,

156 4100 310 4172 Ἀύηνοούοις
332 4095 407 4168 ὅπως
428 4100 467 4171 ὡς
490 4097 639 4175 βέλτιστοι
662 4100 790 4179 ἔσοντοοι,
813 4101 865 4166 sed
890 4102 927 4166 ad
950 4106 1002 4180 την
1025 4106 1179 4181 κολοοκικην
1201 4109 1290 4186 ρὶητο·4

157 4206 231 4285 ριιιην
263 4204 326 4266 sive
356 4203 394 4267 ad
423 4203 472 4268 τὸν
500 4211 549 4270 τοῦ
573 4205 791 4284 πολιτευομένου
809 4207 879 4292 ι(τού
902 4210 1027 4297 ῥήτορος)
1048 4210 1111 4288 βίον
1134 4211 1211 4299 (50.0
1236 4208 1278 4288 Ο,

158 4312 221 4373 526
251 4306 308 4390 Ε),
340 4330 378 4372 ne
414 4331 473 4394 qna
496 4310 625 4394 injuria,
649 4333 687 4376 ne
710 4319 806 4376 morte
829 4310 867 4376 ab
890 4313 927 4376 iis
951 4314 1105 4380 afficiatur.
1142 4314 1279 4380 Socrates

156 4438 218 4482 non
241 4420 333 4499 negat
355 4413 432 4479 hanc
456 4424 566 4480 sortem
590 4416 649 4480 sibi
671 4417 797 4483 fortasse
812 4418 1001 4503 impendere,
1019 4441 1051 4487 se
1069 4429 1187 4498 autem,
1205 4421 1232 4484 si
1247 4420 1279 4486 in

153 4520 303 4607 judicium
326 4520 477 4605 rapiatur,
501 4533 583 4586 certo
605 4523 681 4588 seire
704 4521 779 4594 dicit
801 4521 843 4589 ύτι
866 4563 911 4573 ·-
934 4527 1049 4610 πονηρός
1070 4530 1114 4604 τις
1137 4552 1177 4607 με
1195 4527 1279 4593 ἔσται
