3038 5122
668 302 925 380 GORGIAS.
1298 306 1358 371 121

235 507 312 574 οὐδὲν
345 506 375 572 δὲ
408 506 512 572 κωλύει
546 506 595 572 καί
625 507 668 573 ἔτι
697 506 845 586 λέγεσθαι·
875 507 908 573 οὔ
938 513 1044 586 Φημι,
1065 504 1086 572 ὦ
1108 508 1302 591 Καλλίκλεις,
1325 509 1359 574 τδ

202 613 396 687 Εσθπτεσθαι
412 612 467 677 ἐπὶ
489 610 586 695 κίρρης
607 612 709 685 ἀδίκως
735 612 888 693 αίσχιοτον
909 609 997 687 εἶναι,
1017 612 1079 679 οθδί
1098 637 1136 692 γε
1153 613 1187 679 τὸ
1206 614 1359 690 τέμνεσθαι

236 717 301 785 οὔτε
322 718 355 784 τὸ
378 723 466 796 σῶμα
487 717 592 798 τοθμθν
613 717 680 785 οὔτε
701 717 735 783 τθ
757 716 935 802 βαλάντιον,
966 719 1050 784 ἀλλά
1080 719 1113 785 τθ
1138 720 1258 786 τιίπτειν
1283 720 1361 798 κάμὲ
1411 779 1414 784 .

237 823 286 889 καῖ
309 823 397 902 τάμά
418 822 522 896 ἀδίκως
545 823 597 889 καὶ
619 822 732 901 τέμνειν
756 822 805 888 καῖ
826 821 941 905 αίσχιον
958 823 1008 889 καί
1028 823 1140 899 κάκιον,
1160 826 1216 901 καὶ,
1225 825 1361 891 κλέπτειν

166 965 168 969 ,
237 930 270 1008 γ’
293 925 362 1007 ἀμα
383 929 432 993 καί
456 927 706 1010 ἀνδραποδίζεσθαι
729 928 779 994 καί
802 937 992 1011 τοιχωρυχεῖν
1014 931 1063 996 καὶ
1084 931 1251 1007 συλλήβδην
1271 933 1360 997 ίτιοῦν

173 1022 186 1121 ’Δ
237 1035 344 1103 ἀδικεῖν
373 1033 452 1111 κάμὲ
478 1034 528 1099 καί
551 1035 639 1112 τάμά
661 1036 702 1117 τῷ
724 1035 866 1101 ἀδικοῦντι
889 1035 939 1100 καί
962 1032 1077 1116 αίσχιον
1100 1026 1149 1101 καί
1172 1035 1268 1102 κάκιον
1290 1032 1361 1101 είναι

238 1139 255 1219 ἀ
285 1139 348 1218 ἐμοὶ
377 1140 417 1221 τῷ
447 1138 629 1220 ἀδικουμένῳ.
658 1139 741 1206 ταῦθ’
766 1144 834 1220 ἡμῖν
856 1137 914 1205 ἀνω
937 1143 999 1206 ἐκεῖ
1018 1142 1047 1206 ἕν
1070 1148 1128 1213 τοῖς
1151 1141 1293 1222 ἔμπροσθε
1314 1140 1363 1206 λε’·

237 1267 300 1324 γοις
322 1241 398 1310 οὕτω
416 1245 569 1327 Φανέντα,
591 1247 627 1319 ἀς
650 1247 708 1324 ἐγὼ
729 1246 825 1324 λέγω,
849 1247 1013 1327 κατέχεται
1036 1247 1084 1312 καί
1108 1246 1236 1324 δέδεται,
1265 1247 1313 1312 καί
1338 1249 1362 1311 εί

166 1348 430 1432 509ἀγροικίτερθν
460 1341 492 1416 τι
520 1352 610 1417 εἰπεῖν
640 1352 720 1432 ἔστι,
750 1351 868 1433 σιδηροῖς
893 1351 943 1416 καὶ
965 1351 1166 1430 ἀδαμαντίνοις
1187 1345 1304 1431 λίνοις,
1327 1355 1363 1423 οῖς
1438 1364 1441 1368 ’

238 1461 308 1534 γοῦν
330 1444 371 1521 ἀν’
389 1454 492 1533 δθξειεν
513 1456 633 1535 οὑτοσί,
656 1453 703 1531 οὓς
725 1457 762 1522 σὺ
786 1458 810 1522 εί
832 1458 875 1535 μίρ
897 1458 994 1530 λύσεις
1018 1458 1035 1534 ἢ
1058 1464 1108 1525 σοῦ
1130 1482 1176 1530 τις
1199 1458 1363 1523 νεανικώτε-

238 1586 299 1645 ρος,
322 1564 379 1642 οὐχ
403 1557 457 1628 οἶθν
478 1565 507 1627 τ’
532 1559 632 1634 ἀλλους
654 1562 782 1641 λέγοντα
804 1562 821 1638 θ
842 1565 878 1634 ὡς
897 1563 957 1640 ε’γθι
976 1568 1024 1628 νῦν
1040 1562 1120 1641 λέγω
1139 1569 1237 1635 καλοῖς
1255 1562 1362 1640 λέγειν·

239 1666 301 1732 ἐπεὶ
325 1667 420 1746 ἔμοιγ’
443 1668 457 1732 ί
479 1666 567 1740 αὐτὸς
590 1666 677 1746 λθγος
700 1667 778 1733 ἐστίν
799 1668 864 1751 ἀεῖ,
888 1667 931 1733 ίτι
953 1668 1011 1745 ἐγὼ
1032 1667 1120 1733 ταῦτ’
1142 1671 1191 1733 οὐκ
1214 1664 1265 1733 οἶδ’
1289 1667 1364 1748 ὅπως

153 1852 156 1857 .
239 1772 320 1853 ἔχει,
350 1770 396 1839 ίτι
425 1772 522 1851 μέντοι
553 1762 595 1838 ὦν
618 1773 676 1849 ἐγὼ
709 1758 910 1857 ἐντετύχηκα,
940 1771 1036 1864 ἀτπερ
1057 1779 1122 1851 νῦν,
1148 1773 1235 1844 οὐδεὶς
1258 1769 1312 1844 οίθς
1336 1771 1363 1838 τ’

173 1886 176 1892 ’
232 1858 316 1967 ’ἐστίν
346 1875 446 1950 ἀλλος
475 1877 571 1954 λε’γιυν
600 1878 643 1956 μίν
675 1880 708 1944 οὐ
735 1878 962 1956 καταγέλαστος
993 1874 1074 1946 εἶναι.
1102 1880 1160 1956 ἐγὼ
1184 1879 1237 1957 μὲν
1259 1875 1305 1943 οὖν
1326 1874 1366 1951 αὖ

206 1983 335 2061 Βτίθημι
358 1983 441 2048 ταῦθ’
463 1979 551 2056 οὕτως
574 1981 664 2064 ἔχειν.
688 1983 712 2048 εί
735 1983 760 2047 δ’
784 1981 871 2056 οὕτως
892 1982 955 2065 ἔχει
974 1985 1022 2050 καί
1044 1983 1182 2062 μέγιστον
1198 1988 1253 2048 τοῖν
1269 1989 1365 2048 κακῶν
1395 2061 1398 2065 ,
1437 2021 1440 2025 -

158 2088 167 2097 ”
190 2074 201 2182 Ἰ
240 2091 316 2154 εὀτιν
338 2090 356 2164 η
377 2088 476 2153 ἀδικία
498 2089 539 2169 τῷ
562 2086 702 2155 ἀδικοῦντι
724 2090 773 2154 καί
797 2087 839 2155 ἔτι
861 2089 962 2167 τούτου
985 2089 1082 2171 μεῖζον
1105 2088 1247 2168 μεγίστου
1269 2088 1363 2179 θντος,

240 2195 263 2259 εί
291 2189 346 2260 οίθν
375 2190 434 2277 τε,’
456 2193 490 2258 τὸ
521 2193 675 2279 ἀδικοῦντα
705 2197 747 2272 μη
776 2194 879 2260 διδόναι
901 2195 979 2271 δίκην
988 2245 1005 2269 ,.
1020 2196 1087 2260 τίνοι
1109 2193 1145 2260 ἀν
1166 2195 1300 2273 βοήθειαν
1322 2197 1364 2272 μθ
1405 2249 1411 2261 .

240 2298 392 2378 δυνάμενος
426 2298 568 2378 ἅνθρωπος
602 2299 715 2377 βοηθεῖν
744 2300 838 2380 ἑαυτῷ
867 2301 1094 2378 καταγέλαστος
1123 2300 1161 2366 ἀν
1184 2309 1221 2381 τῇ
1243 2290 1380 2378 ἀληθεία(

240 2403 301 2481 είη;
329 2397 378 2484 ἀρ’
408 2405 439 2469 οὐ
462 2404 592 2480 ταύτην,
616 2404 677 2482 ἥτις
699 2405 856 2487 ἀποτρέψει
880 2406 931 2478 τὴν
954 2405 1097 2483 μεγίστην
1121 2409 1199 2482 ἡμῶν
1221 2405 1363 2483 βλάβηνς

238 2510 322 2576 ἀλλά
355 2510 451 2583 τολλίρ
484 2508 601 2586 ἀνάγκη
635 2505 747 2586 ταύτην
777 2506 849 2575 είναι
871 2511 930 2585 ’τὴν
961 2508 1119 2590 αἰσχίστην
1148 2511 1299 2592 βοήθειαν,
1323 2510 1365 2587 μίν

240 2615 375 2681 δύνασθαι
397 2614 510 2692 βοηθεῖν
531 2615 600 2691 μηθ’
621 2616 714 2696 ἑαυτῷ
737 2615 814 2693 μήτε
835 2622 894 2687 τοῖς
917 2616 1005 2681 αὑτοῦ
1024 2616 1120 2699 Φίλοις
1132 2614 1225 2681 τεκαὶ
1237 2615 1363 2688 οἰκείοις,

273 2779 361 2831 5081θ
385 2785 432 2831 οἶνοι
447 2784 492 2831 iaci
508 2783 530 2829 ἓν
546 2788 593 2837 τοῖς
610 2784 725 2848 ἔμπροσθε
741 2783 780 2831 λθ-
863 2782 910 2830 509
935 2780 959 2829 A
984 2784 1014 2838 ὧς
1038 2787 1089 2846 γοῦν
1113 2786 1140 2832 ἀν
1164 2782 1247 2840 δόξειεν
1268 2780 1359 2842 σίτοισί]

239 2850 297 2914 ηας]
312 2846 401 2908 Quum
409 2847 559 2896 festinabam
564 2862 652 2912 parcre
659 2847 779 2910 Gorgiam
828 2845 949 2896 Romule
964 2852 1003 2900 καί
1015 2852 1035 2899 εί
1044 2855 1201 2917 ἀγροικότερον
1211 2867 1235 2898 τι
1247 2850 1317 2897 εἰπεῖν
1326 2847 1366 2895 uti

239 2915 309 2980 prelo
331 2912 479 2971 Perisiensi,
502 2913 578 2977 rerba
598 2918 643 2966 ἀνω
664 2918 709 2964 ixei
728 2928 779 2962 uns
828 2912 892 2962 solet
910 2913 998 2973 Plato,
1014 2930 1064 2978 qua
1080 2915 1180 2963 veniam
1195 2914 1313 2978 impetret
1328 2913 1367 2962 in·

239 2984 298 3030 otim
315 2984 336 3030 ίν
357 2985 405 3036 τοῖς
427 2983 475 3044 θμπ
492 2981 544 3030 οσθε
559 2981 631 3044 ῖθηοις
651 2977 711 3029 ferri
727 2994 779 3029 non
829 2979 950 3029 solentius
974 2984 1050 3044 utque
1065 2979 1184 3042 audacius
1201 2978 1278 3037 dicti,
1294 2978 1368 3042 quale

239 3061 313 3111 posse
328 3046 453 3095 retusius
482 3051 574 3096 uouisse
584 3045 779 3098 octomittende
827 3045 871 3095 hio
893 3049 931 3095 eet
953 3045 1019 3095 illud
1041 3048 1138 3114 σιδηροῖς
1156 3050 1194 3097 καὶ
1210 3046 1368 3109 ἀδαμαντίνοις

240 3112 385 3162 arbitrabar.
408 3110 457 3161 Sed
473 3117 535 3160 tunc
552 3126 604 3160 non
620 3112 779 3161 attendebam
827 3115 899 3176 royac
915 3113 1005 3164 δέδεται
1021 3122 1106 3165 ταῦτα.
1133 3113 1233 3162 Scribas
1248 3112 1366 3175 vimejus

239 3194 298 3227 mox
320 3177 449 3242 sequentia
470 3178 545 3227 verbs
566 3179 724 3243 ἀδαμαντίνοις
740 3181 779 3228 λθ-
827 3178 950 3228 t'ormulae
974 3194 1026 3230 non
1050 3180 1112 3228 sotis
1134 3177 1311 3244 perspicientes
1328 3175 1368 3225 vel

239 3264 294 3310 νοις.
308 3245 383 3294 Nunc
392 3243 470 3307 igitur
479 3243 590 3293 offendor
598 3245 655 3293 istis
664 3250 780 3296 ταῦτα-
826 3242 933 3294 fortasse
958 3245 1056 3294 dictum
1079 3245 1146 3294 illud
1170 3243 1320 3293 insolentius
1343 3246 1370 3291 et

184 3353 186 3357 .
241 3317 324 3368 ίντοῐς
340 3314 468 3380 ἔμπροσθεν
482 3314 597 3373 λθγοις-
611 3318 780 3376 receperas·
828 3310 917 3360 durius
932 3311 1175 3376 judicantes,quam
1185 3314 1215 3358 ut
1228 3308 1368 3358 huecvenia

241 3381 325 3442 λθγοις,
350 3383 375 3426 et
397 3377 474 3425 altera
494 3377 539 3425 ills
563 3382 585 3427 ῖν
601 3386 648 3434 τοῖς
664 3380 780 3444 ἔμπροσθε
827 3376 884 3425 duri
899 3377 981 3442 possit
997 3377 1094 3426 auctori
1114 3376 1189 3426 semel
1202 3379 1302 3425 tuntum
1314 3389 1368 3423 eam

241 3446 312 3508 λόγους
328 3443 417 3493 scribis
434 3442 518 3492 deberi
532 3442 634 3507 judico,
649 3443 741 3506 quibus
752 3456 781 3490 ee
827 3443 937 3508 petenti,
954 3442 993 3492 vel
1010 3457 1160 3508 quocunque
1179 3441 1282 3490 tandem
1292 3440 1368 3489 etiam
1418 3487 1421 3492 .

206 3518 209 3523 '
241 3510 384 3574 saepissime
400 3508 468 3572 spud
484 3507 616 3557 Platonem
626 3507 780 3557 recurrentia
826 3509 973 3558 ridiculiore
989 3513 1137 3572 argumento
1155 3507 1255 3557 inducti
1271 3505 1311 3556 bis
1327 3521 1368 3554 ve·

240 3578 321 3628 ίναυία
337 3579 427 3625 essent
444 3602 477 3612 -
495 3573 572 3638 Saepe
589 3573 664 3622 etiam
681 3573 779 3622 ocurrit
826 3575 894 3624 niam
922 3574 1056 3641 petendam
1091 3574 1218 3623 censuisse
1242 3573 1369 3621 videntur.

243 3646 264 3691 ῖν
285 3651 333 3699 τοῖς
353 3646 480 3708 {prefectos
501 3640 555 3688 sine
577 3641 655 3702 θίγοις.
681 3638 778 3689 Verum
828 3640 912 3706 Atque
929 3643 965 3690 sic
981 3641 1206 3706 pessumdederunt
1219 3637 1369 3687 locumexi-

187 3724 201 3735 -
241 3707 302 3757 hacc
323 3713 407 3775 tamen
429 3723 487 3756 cum
503 3708 577 3770 ὀλίγον
592 3705 711 3769 conjungi
727 3719 779 3754 non
827 3708 879 3756 mio
901 3707 970 3756 dicto
991 3706 1036 3757 illo
1051 3707 1181 3756 nitentem.
1213 3704 1286 3765 Quid
1302 3703 1370 3752 enim

240 3778 356 3838 possunt.
384 3773 475 3837 Itaque
491 3772 518 3820 in
534 3770 602 3821 Phil.
620 3773 649 3819 41
668 3771 691 3819 B
708 3786 779 3820 voces
828 3772 898 3823 aliud
916 3773 960 3822 ills
977 3777 1006 3832 ὡς
1022 3777 1073 3839 γοῦν
1088 3778 1116 3824 οῖν
1132 3774 1213 3830 δόξειεν
1229 3769 1370 3822 οὑτωοῖοὶίνί

241 3843 264 3889 e
286 3848 333 3898 τοῖς
357 3854 421 3903 quae
442 3839 560 3902 legrmtur
581 3837 648 3886 inter
670 3839 740 3902 ὀλίγον
755 3840 781 3885 et
829 3839 893 3889 velle
908 3845 1029 3905 possunt,
1047 3855 1122 3903 quam
1139 3837 1370 3900 haecquemccbmo·

242 3909 368 3975 ἔμπροσθεν
377 3905 467 3955 iisdem
477 3903 614 3954 reddimus.
632 3902 710 3953 Recte
718 3902 781 3952 dici·
832 3907 891 3954 ἀιιοα
907 3906 998 3954 saltem
1013 3904 1096 3954 ον’ἀονί
1110 3904 1195 3968 possit
1211 3903 1248 3952 etc
1264 3904 1281 3953 i.
1293 3919 1314 3951 e.
1331 3917 1369 3951 ar·
1419 3907 1429 3918 '

242 3975 379 4036 θυι-,ὀλίγον
400 3971 452 4020 sive
476 3974 571 4039 σμικρὸν
587 3974 714 4037 ίμπροοθον
730 3969 783 4018 sive
831 3971 1031 4036 gumentationes
1064 3975 1139 4034 utque
1166 3970 1269 4019 omnino
1297 3982 1370 4031 argu·

153 4086 155 4091 .
242 4043 354 4106 πρθτιρον
369 4039 422 4086 sine
438 4041 461 4088 θν
476 4045 532 4095 τοῖς.
560 4037 625 4085 Nam
643 4040 716 4100 ὀλίγον
731 4035 783 4085 sive
831 4043 915 4087 menta
939 4038 1014 4087 allatu
1037 4041 1089 4085 tam
1112 4041 1179 4085 certe
1200 4041 1226 4086 et
1242 4035 1370 4084 luculenta

243 4111 338 4171 σμικρὸν
359 4107 381 4153 a
402 4111 449 4161 τοῖς
466 4107 593 4171 ἔμπροσθεν
609 4103 668 4166 quis
684 4106 722 4151 est
738 4101 783 4166 qui
832 4107 904 4163 sunt,
930 4107 961 4153 ut
984 4103 1064 4152 videri
1085 4119 1114 4152 ac
1137 4102 1188 4152 dici
1204 4101 1255 4151 fere
1271 4099 1371 4167 possint
1457 4137 1460 4141 J

242 4184 290 4234 pro
307 4169 403 4218 Graeco
419 4169 525 4217 hebeat?
542 4169 630 4232 Neque
643 4183 729 4217 omnes
741 4183 782 4216 co·
831 4169 910 4219 ferrea
925 4174 950 4218 et
967 4169 1134 4218 adamantina.
1161 4168 1234 4228 Ques
1250 4171 1309 4232 post
1319 4164 1371 4214 for·

244 4235 312 4284 dices
328 4249 400 4284 voces
418 4239 441 4284 ts
457 4241 504 4292 τοῖς
520 4239 630 4284 tuentiu.
647 4234 721 4283 Idem
730 4233 781 4284 fere
831 4236 927 4285 mulum
944 4251 1020 4301 supra
1036 4239 1198 4284 memoratum
1213 4248 1317 4299 prorsus
1329 4247 1371 4280 su·
1395 4242 1401 4260 ²

243 4301 336 4351 vitium
352 4304 391 4350 est
407 4300 435 4349 in
451 4299 553 4350 Thesat.
570 4301 618 4349 205
636 4299 670 4358 G,
688 4300 733 4348 ubi
750 4315 781 4350 ex
828 4317 979 4368 perveeenea
1005 4306 1081 4360 sunt,
1104 4304 1277 4365 praeterquam
1302 4297 1372 4362 quod

245 4369 317 4432 ὀλίγον
333 4371 356 4418 ir
371 4376 406 4433 τῷ
420 4370 517 4435 πρόσθεν
532 4365 572 4414 fac
589 4369 660 4431 ὀλίγον
675 4368 781 4435 ipseper·
829 4369 952 4417 intersum
971 4371 1019 4416 unt
1041 4366 1261 4416 constructionem.
1281 4363 1373 4424 Quare

245 4438 295 4495 θον,
322 4433 517 4496 suffragantibus
545 4431 689 4490 codicibus,
716 4448 781 4496 quae
829 4450 857 4484 es
873 4383 970 4483 delens
979 4469 985 4482 .
1002 4460 1030 4470 -·
1045 4434 1095 4484 Pro
1107 4431 1373 4496 eiecerinBrepone

245 4505 376 4550 morunt
391 4503 526 4567 ἔμπροσθεν.
543 4497 624 4548 Locos
640 4497 780 4562 luudsrejn
829 4503 879 4551 τίνα
896 4501 931 4559 δή.

243 4566 291 4617 tali
304 4581 333 4618 ae
347 4581 400 4618 non
414 4580 480 4633 opus
496 4567 543 4615 eat.

1168 4650 1227 4728 ,1ο
1310 4682 1314 4689 ι
