<?xml version="1.0" encoding="UTF-8"?>
<!DOCTYPE html PUBLIC "-//W3C//DTD XHTML 1.0 Transitional//EN"
    "http://www.w3.org/TR/xhtml1/DTD/xhtml1-transitional.dtd">
<html xmlns="http://www.w3.org/1999/xhtml" xml:lang="en" lang="en">
 <head>
  <title>
</title>
<meta http-equiv="Content-Type" content="text/html;charset=utf-8" />
  <meta name='ocr-system' content='tesseract 3.04.00' />
  <meta name='ocr-capabilities' content='ocr_page ocr_carea ocr_par ocr_line ocrx_word'/>
</head>
<body>
  <div class='ocr_page' id='page_1' title='image "./platonisgorgias00platgoog_0080.png"; bbox 0 0 3038 5122; ppageno 0'>
   <div class='ocr_carea' id='block_1_1' title="bbox 670 271 1371 383">
    <p class='ocr_par' dir='ltr' id='par_1_1' title="bbox 670 271 1371 383">
     <span class='ocr_line' id='line_1_1' title="bbox 670 271 1371 383; baseline -0.003 -1"><span class='ocrx_word' id='word_1_1' title='bbox 670 314 927 383; x_wconf 76' lang='lat' dir='ltr'><strong>eoeems.</strong></span> <span class='ocrx_word' id='word_1_2' title='bbox 971 271 975 277; x_wconf 65' lang='grc'><strong>’</strong></span> <span class='ocrx_word' id='word_1_3' title='bbox 1329 313 1371 380; x_wconf 83' lang='lat'><em>39</em></span> 
     </span>
    </p>
   </div>
   <div class='ocr_carea' id='block_1_2' title="bbox 140 501 1456 3003">
    <p class='ocr_par' dir='ltr' id='par_1_2' title="bbox 165 501 1372 1109">
     <span class='ocr_line' id='line_1_2' title="bbox 165 501 1372 590; baseline -0.003 -20"><span class='ocrx_word' id='word_1_4' title='bbox 165 523 233 587; x_wconf 80' lang='grc'><em>464</em></span> <span class='ocrx_word' id='word_1_5' title='bbox 241 510 341 576; x_wconf 83' lang='grc' dir='ltr'><em>Πῦλος</em></span> <span class='ocrx_word' id='word_1_6' title='bbox 365 503 409 570; x_wconf 74' lang='grc' dir='ltr'><em>ὅδ’</em></span> <span class='ocrx_word' id='word_1_7' title='bbox 431 502 556 590; x_wconf 73' lang='grc' dir='ltr'><em>ἐλέγξει.</em></span> <span class='ocrx_word' id='word_1_8' title='bbox 581 503 667 581; x_wconf 83' lang='grc' dir='ltr'><em>σῶμά</em></span> <span class='ocrx_word' id='word_1_9' title='bbox 690 529 745 570; x_wconf 86' lang='grc' dir='ltr'><em>που</em></span> <span class='ocrx_word' id='word_1_10' title='bbox 767 512 869 576; x_wconf 88' lang='grc' dir='ltr'><em>καλεῖς</em></span> <span class='ocrx_word' id='word_1_11' title='bbox 890 527 918 569; x_wconf 95' lang='grc' dir='ltr'><em>τι</em></span> <span class='ocrx_word' id='word_1_12' title='bbox 933 502 982 568; x_wconf 81' lang='grc' dir='ltr'><em>καί</em></span> <span class='ocrx_word' id='word_1_13' title='bbox 997 503 1117 583; x_wconf 69' lang='grc' dir='ltr'><em>ψυχῇνς</em></span> <span class='ocrx_word' id='word_1_14' title='bbox 1133 511 1218 568; x_wconf 86' lang='grc' dir='ltr'><strong>ΓΟΡ.</strong></span> <span class='ocrx_word' id='word_1_15' title='bbox 1232 507 1297 575; x_wconf 79' lang='grc' dir='ltr'><em>Πῶς</em></span> <span class='ocrx_word' id='word_1_16' title='bbox 1312 501 1372 582; x_wconf 70' lang='grc' dir='ltr'><em>γάρ</em></span> 
     </span>
     <span class='ocr_line' id='line_1_3' title="bbox 241 605 1371 688; baseline -0.002 -14"><span class='ocrx_word' id='word_1_17' title='bbox 241 610 274 675; x_wconf 87' lang='grc' dir='ltr'><em>οῦ</em></span> <span class='ocrx_word' id='word_1_18' title='bbox 283 636 292 688; x_wconf 84' lang='lat'>3</span> <span class='ocrx_word' id='word_1_19' title='bbox 317 648 361 658; x_wconf 89' lang='lat'><em>-</em></span> <span class='ocrx_word' id='word_1_20' title='bbox 383 619 458 674; x_wconf 87' lang='grc' dir='ltr'><em>ΣΩ.</em></span> <span class='ocrx_word' id='word_1_21' title='bbox 484 612 595 676; x_wconf 91' lang='grc' dir='ltr'><em>Οῦκοῦν</em></span> <span class='ocrx_word' id='word_1_22' title='bbox 617 611 666 674; x_wconf 79' lang='grc' dir='ltr'><em>καί</em></span> <span class='ocrx_word' id='word_1_23' title='bbox 689 612 796 674; x_wconf 84' lang='grc' dir='ltr'><em>τούτων</em></span> <span class='ocrx_word' id='word_1_24' title='bbox 819 608 866 673; x_wconf 79' lang='grc' dir='ltr'><em>σθει</em></span> <span class='ocrx_word' id='word_1_25' title='bbox 886 607 939 674; x_wconf 89' lang='grc' dir='ltr'><em>τιν’</em></span> <span class='ocrx_word' id='word_1_26' title='bbox 959 605 1028 673; x_wconf 82' lang='grc' dir='ltr'><em>εἶναι</em></span> <span class='ocrx_word' id='word_1_27' title='bbox 1040 609 1172 688; x_wconf 79' lang='grc' dir='ltr'><em>ἑκατέρου</em></span> <span class='ocrx_word' id='word_1_28' title='bbox 1183 605 1314 684; x_wconf 72' lang='grc' dir='ltr'><em>εὐεξίαις</em></span> <span class='ocrx_word' id='word_1_29' title='bbox 1327 644 1371 655; x_wconf 90' lang='grc'>-</span> 
     </span>
     <span class='ocr_line' id='line_1_4' title="bbox 240 702 1370 793; baseline -0.003 -13"><span class='ocrx_word' id='word_1_30' title='bbox 240 723 331 780; x_wconf 89' lang='grc' dir='ltr'><strong>ΓΟΡ.</strong></span> <span class='ocrx_word' id='word_1_31' title='bbox 350 716 483 793; x_wconf 68' lang='grc' dir='ltr'><em>Ἔγωγε.</em></span> <span class='ocrx_word' id='word_1_32' title='bbox 511 752 550 763; x_wconf 89' lang='lat'><em>-—</em></span> <span class='ocrx_word' id='word_1_33' title='bbox 574 723 645 780; x_wconf 89' lang='grc' dir='ltr'><em>ΣΩ.</em></span> <span class='ocrx_word' id='word_1_34' title='bbox 668 714 709 780; x_wconf 82' lang='grc' dir='ltr'><em>Τι’</em></span> <span class='ocrx_word' id='word_1_35' title='bbox 730 715 777 791; x_wconf 82' lang='grc' dir='ltr'><em>δέ;</em></span> <span class='ocrx_word' id='word_1_36' title='bbox 802 714 937 780; x_wconf 72' lang='grc' dir='ltr'><em>δοκοῦσαν</em></span> <span class='ocrx_word' id='word_1_37' title='bbox 954 702 1020 792; x_wconf 80' lang='grc' dir='ltr'><em>μὲν</em></span> <span class='ocrx_word' id='word_1_38' title='bbox 1034 712 1164 793; x_wconf 73' lang='grc' dir='ltr'><em>εὐεξίαν,</em></span> <span class='ocrx_word' id='word_1_39' title='bbox 1187 709 1370 789; x_wconf 81' lang='grc' dir='ltr'><em>οῦσανδοῦ;</em></span> 
     </span>
     <span class='ocr_line' id='line_1_5' title="bbox 244 815 1371 899; baseline -0.003 -14"><span class='ocrx_word' id='word_1_40' title='bbox 244 816 296 885; x_wconf 80' lang='grc' dir='ltr'><em>οἷον</em></span> <span class='ocrx_word' id='word_1_41' title='bbox 326 820 429 885; x_wconf 87' lang='grc' dir='ltr'><em>τοιάνδε</em></span> <span class='ocrx_word' id='word_1_42' title='bbox 461 820 550 897; x_wconf 72' lang='grc' dir='ltr'><em>λέγω·</em></span> <span class='ocrx_word' id='word_1_43' title='bbox 583 819 683 883; x_wconf 80' lang='grc' dir='ltr'><em>πολλοί</em></span> <span class='ocrx_word' id='word_1_44' title='bbox 715 819 838 884; x_wconf 89' lang='grc' dir='ltr'><em>δοκοῦσιν</em></span> <span class='ocrx_word' id='word_1_45' title='bbox 865 816 897 884; x_wconf 86' lang='grc' dir='ltr'><em>εῦ</em></span> <span class='ocrx_word' id='word_1_46' title='bbox 920 820 998 899; x_wconf 78' lang='grc' dir='ltr'><em>ἔχειν</em></span> <span class='ocrx_word' id='word_1_47' title='bbox 1021 820 1061 884; x_wconf 82' lang='grc' dir='ltr'><em>τά</em></span> <span class='ocrx_word' id='word_1_48' title='bbox 1084 820 1230 895; x_wconf 84' lang='grc' dir='ltr'><em>σάματοι,</em></span> <span class='ocrx_word' id='word_1_49' title='bbox 1253 815 1298 889; x_wconf 86' lang='grc' dir='ltr'><em>οὓς</em></span> <span class='ocrx_word' id='word_1_50' title='bbox 1321 821 1371 883; x_wconf 89' lang='grc' dir='ltr'><em>οῦκ</em></span> 
     </span>
     <span class='ocr_line' id='line_1_6' title="bbox 241 918 1370 1008; baseline -0.003 -19"><span class='ocrx_word' id='word_1_51' title='bbox 241 918 277 989; x_wconf 83' lang='grc' dir='ltr'><em>δον</em></span> <span class='ocrx_word' id='word_1_52' title='bbox 311 927 408 1008; x_wconf 71' lang='grc' dir='ltr'><em>ρ’ριδίως</em></span> <span class='ocrx_word' id='word_1_53' title='bbox 439 923 562 990; x_wconf 81' lang='grc' dir='ltr'><em>αθοθοιτθ</em></span> <span class='ocrx_word' id='word_1_54' title='bbox 593 949 637 996; x_wconf 88' lang='grc' dir='ltr'><em>τις</em></span> <span class='ocrx_word' id='word_1_55' title='bbox 664 922 706 989; x_wconf 85' lang='grc' dir='ltr'><em>ῦτι</em></span> <span class='ocrx_word' id='word_1_56' title='bbox 730 928 779 990; x_wconf 85' lang='grc' dir='ltr'><em>οῦκ</em></span> <span class='ocrx_word' id='word_1_57' title='bbox 800 922 832 989; x_wconf 84' lang='grc' dir='ltr'><em>εὖ</em></span> <span class='ocrx_word' id='word_1_58' title='bbox 855 924 969 1003; x_wconf 81' lang='grc' dir='ltr'><em>ἔχουσιν</em></span> <span class='ocrx_word' id='word_1_59' title='bbox 992 921 1083 994; x_wconf 85' lang='grc' dir='ltr'><em>άλλος</em></span> <span class='ocrx_word' id='word_1_60' title='bbox 1107 924 1123 1000; x_wconf 82' lang='grc' dir='ltr'><em>ῇ</em></span> <span class='ocrx_word' id='word_1_61' title='bbox 1147 924 1241 1005; x_wconf 86' lang='grc' dir='ltr'><em>ίατράς</em></span> <span class='ocrx_word' id='word_1_62' title='bbox 1264 948 1298 988; x_wconf 87' lang='grc' dir='ltr'><em>τε</em></span> <span class='ocrx_word' id='word_1_63' title='bbox 1321 923 1370 987; x_wconf 83' lang='grc' dir='ltr'><em>καί</em></span> 
     </span>
     <span class='ocr_line' id='line_1_7' title="bbox 241 1028 1372 1109; baseline -0.001 -16"><span class='ocrx_word' id='word_1_64' title='bbox 241 1037 296 1093; x_wconf 80' lang='grc' dir='ltr'><em>τοῖν</em></span> <span class='ocrx_word' id='word_1_65' title='bbox 320 1037 525 1108; x_wconf 78' lang='grc' dir='ltr'><em>νυμοαστικῦν</em></span> <span class='ocrx_word' id='word_1_66' title='bbox 547 1053 602 1100; x_wconf 90' lang='grc' dir='ltr'><em>τις.</em></span> <span class='ocrx_word' id='word_1_67' title='bbox 624 1065 669 1078; x_wconf 94' lang='grc'><strong>-</strong></span> <span class='ocrx_word' id='word_1_68' title='bbox 692 1039 776 1094; x_wconf 89' lang='grc' dir='ltr'><strong>ΓΟΡ.</strong></span> <span class='ocrx_word' id='word_1_69' title='bbox 800 1028 907 1105; x_wconf 80' lang='grc' dir='ltr'><em>Ἀλνθῇ</em></span> <span class='ocrx_word' id='word_1_70' title='bbox 930 1029 1038 1106; x_wconf 74' lang='grc' dir='ltr'><em>λέγεις.</em></span> <span class='ocrx_word' id='word_1_71' title='bbox 1062 1065 1106 1077; x_wconf 91' lang='lat'>-</span> <span class='ocrx_word' id='word_1_72' title='bbox 1128 1038 1200 1109; x_wconf 78' lang='grc' dir='ltr'><em>ΣΩ.</em></span> <span class='ocrx_word' id='word_1_73' title='bbox 1222 1030 1269 1098; x_wconf 67' lang='grc' dir='ltr'><em>,Τὸ</em></span> <span class='ocrx_word' id='word_1_74' title='bbox 1285 1033 1372 1092; x_wconf 88' lang='grc' dir='ltr'><em>ποιοῦ·</em></span> 
     </span>
    </p>

    <p class='ocr_par' dir='ltr' id='par_1_3' title="bbox 150 1120 1371 1215">
     <span class='ocr_line' id='line_1_8' title="bbox 150 1120 1371 1215; baseline -0.002 -17"><span class='ocrx_word' id='word_1_75' title='bbox 150 1178 156 1188; x_wconf 82' lang='lat'><em>,</em></span> <span class='ocrx_word' id='word_1_76' title='bbox 241 1158 289 1198; x_wconf 88' lang='grc' dir='ltr'><em>τον</em></span> <span class='ocrx_word' id='word_1_77' title='bbox 311 1136 390 1212; x_wconf 78' lang='grc' dir='ltr'><em>λε’νω</em></span> <span class='ocrx_word' id='word_1_78' title='bbox 413 1120 461 1200; x_wconf 87' lang='grc' dir='ltr'><em>καί</em></span> <span class='ocrx_word' id='word_1_79' title='bbox 485 1138 514 1200; x_wconf 85' lang='grc' dir='ltr'><em>ἐν</em></span> <span class='ocrx_word' id='word_1_80' title='bbox 537 1134 652 1211; x_wconf 83' lang='grc' dir='ltr'><em>σάματι</em></span> <span class='ocrx_word' id='word_1_81' title='bbox 675 1131 745 1198; x_wconf 77' lang='grc' dir='ltr'><em>εἶναι</em></span> <span class='ocrx_word' id='word_1_82' title='bbox 769 1136 817 1199; x_wconf 83' lang='grc' dir='ltr'><em>καί</em></span> <span class='ocrx_word' id='word_1_83' title='bbox 841 1135 870 1198; x_wconf 83' lang='grc' dir='ltr'><em>ἐν</em></span> <span class='ocrx_word' id='word_1_84' title='bbox 893 1140 998 1215; x_wconf 75' lang='grc' dir='ltr'><em>ψυχῇ,</em></span> <span class='ocrx_word' id='word_1_85' title='bbox 1023 1132 1037 1198; x_wconf 81' lang='grc' dir='ltr'><em>δ</em></span> <span class='ocrx_word' id='word_1_86' title='bbox 1060 1140 1137 1198; x_wconf 83' lang='grc' dir='ltr'><em>ποιεῖ</em></span> <span class='ocrx_word' id='word_1_87' title='bbox 1156 1134 1243 1198; x_wconf 78' lang='grc' dir='ltr'><em>δοκεῖν</em></span> <span class='ocrx_word' id='word_1_88' title='bbox 1266 1133 1319 1213; x_wconf 79' lang='grc' dir='ltr'><em>μὲν</em></span> <span class='ocrx_word' id='word_1_89' title='bbox 1339 1128 1371 1197; x_wconf 86' lang='grc' dir='ltr'><em>εῦ</em></span> 
     </span>
    </p>

    <p class='ocr_par' dir='ltr' id='par_1_4' title="bbox 208 1239 1368 1410">
     <span class='ocr_line' id='line_1_9' title="bbox 208 1239 1368 1320; baseline 0 -17"><span class='ocrx_word' id='word_1_90' title='bbox 208 1239 320 1319; x_wconf 75' lang='grc' dir='ltr'><em>Βὲχειν</em></span> <span class='ocrx_word' id='word_1_91' title='bbox 348 1242 381 1305; x_wconf 86' lang='grc' dir='ltr'><em>τδ</em></span> <span class='ocrx_word' id='word_1_92' title='bbox 411 1247 498 1319; x_wconf 79' lang='grc' dir='ltr'><em>σῶμα</em></span> <span class='ocrx_word' id='word_1_93' title='bbox 527 1240 576 1304; x_wconf 80' lang='grc' dir='ltr'><em>καί</em></span> <span class='ocrx_word' id='word_1_94' title='bbox 610 1240 659 1313; x_wconf 83' lang='grc' dir='ltr'><em>τῇν</em></span> <span class='ocrx_word' id='word_1_95' title='bbox 686 1241 805 1320; x_wconf 68' lang='grc' dir='ltr'><em>ψυχὴν,</em></span> <span class='ocrx_word' id='word_1_96' title='bbox 835 1240 898 1320; x_wconf 81' lang='grc' dir='ltr'><em>ἔχει</em></span> <span class='ocrx_word' id='word_1_97' title='bbox 928 1240 953 1304; x_wconf 89' lang='grc' dir='ltr'><em>δ’</em></span> <span class='ocrx_word' id='word_1_98' title='bbox 971 1241 1046 1306; x_wconf 78' lang='grc' dir='ltr'><em>οῦδὲν</em></span> <span class='ocrx_word' id='word_1_99' title='bbox 1068 1244 1195 1317; x_wconf 83' lang='grc' dir='ltr'><em>μάλλον.</em></span> <span class='ocrx_word' id='word_1_100' title='bbox 1218 1275 1262 1290; x_wconf 87' lang='lat'><em>-</em></span> <span class='ocrx_word' id='word_1_101' title='bbox 1284 1249 1368 1305; x_wconf 87' lang='grc' dir='ltr'><strong>ΓΟΡ.</strong></span> 
     </span>
     <span class='ocr_line' id='line_1_10' title="bbox 237 1344 457 1410; baseline 0 -1"><span class='ocrx_word' id='word_1_102' title='bbox 237 1344 324 1410; x_wconf 80' lang='grc' dir='ltr'><em>Ἔστι</em></span> <span class='ocrx_word' id='word_1_103' title='bbox 348 1351 457 1410; x_wconf 90' lang='grc' dir='ltr'><em>ταῦτα.</em></span> 
     </span>
    </p>

    <p class='ocr_par' dir='ltr' id='par_1_5' title="bbox 239 1448 1422 2061">
     <span class='ocr_line' id='line_1_11' title="bbox 284 1448 1369 1531; baseline 0 -17"><span class='ocrx_word' id='word_1_104' title='bbox 284 1449 367 1514; x_wconf 86' lang='grc' dir='ltr'>ΧΙΧ.</span> <span class='ocrx_word' id='word_1_105' title='bbox 402 1459 490 1519; x_wconf 81' lang='grc' dir='ltr'><em>ΣΩ.,</em></span> <span class='ocrx_word' id='word_1_106' title='bbox 507 1452 576 1530; x_wconf 78' lang='grc' dir='ltr'><em>Φθρε</em></span> <span class='ocrx_word' id='word_1_107' title='bbox 606 1449 638 1522; x_wconf 81' lang='grc' dir='ltr'><em>δῇ</em></span> <span class='ocrx_word' id='word_1_108' title='bbox 670 1472 730 1524; x_wconf 89' lang='grc' dir='ltr'><em>σοι,</em></span> <span class='ocrx_word' id='word_1_109' title='bbox 761 1449 812 1514; x_wconf 83' lang='grc' dir='ltr'><em>ε’θον</em></span> <span class='ocrx_word' id='word_1_110' title='bbox 838 1449 980 1531; x_wconf 77' lang='grc' dir='ltr'><em>δύνωμαι,</em></span> <span class='ocrx_word' id='word_1_111' title='bbox 1005 1449 1183 1530; x_wconf 72' lang='grc' dir='ltr'><em>σαφέστερον</em></span> <span class='ocrx_word' id='word_1_112' title='bbox 1205 1448 1369 1525; x_wconf 79' lang='grc' dir='ltr'><em>ε’πιδείξωδ</em></span> 
     </span>
     <span class='ocr_line' id='line_1_12' title="bbox 239 1553 1371 1640; baseline -0.001 -21"><span class='ocrx_word' id='word_1_113' title='bbox 239 1553 329 1634; x_wconf 70' lang='grc' dir='ltr'><em>λέγω.</em></span> <span class='ocrx_word' id='word_1_114' title='bbox 355 1563 442 1621; x_wconf 88' lang='grc' dir='ltr'><em>Δυεῖν</em></span> <span class='ocrx_word' id='word_1_115' title='bbox 465 1554 552 1619; x_wconf 84' lang='grc' dir='ltr'><em>θντοιν</em></span> <span class='ocrx_word' id='word_1_116' title='bbox 575 1562 633 1619; x_wconf 90' lang='grc' dir='ltr'><em>τοῖν</em></span> <span class='ocrx_word' id='word_1_117' title='bbox 657 1556 844 1634; x_wconf 72' lang='grc' dir='ltr'><em>πραγμάτοιν</em></span> <span class='ocrx_word' id='word_1_118' title='bbox 867 1554 913 1618; x_wconf 83' lang='grc' dir='ltr'><em>δύο</em></span> <span class='ocrx_word' id='word_1_119' title='bbox 936 1557 1014 1631; x_wconf 73' lang='grc' dir='ltr'><em>λέγω</em></span> <span class='ocrx_word' id='word_1_120' title='bbox 1033 1555 1153 1635; x_wconf 81' lang='grc' dir='ltr'><em>τέχνας·</em></span> <span class='ocrx_word' id='word_1_121' title='bbox 1172 1555 1231 1640; x_wconf 63' lang='grc' dir='ltr'><em>ικαὶ</em></span> <span class='ocrx_word' id='word_1_122' title='bbox 1234 1576 1244 1639; x_wconf 71' lang='grc' dir='ltr'><em>ρ</em></span> <span class='ocrx_word' id='word_1_123' title='bbox 1255 1557 1306 1630; x_wconf 83' lang='grc' dir='ltr'><em>τῇν</em></span> <span class='ocrx_word' id='word_1_124' title='bbox 1317 1556 1371 1634; x_wconf 80' lang='grc' dir='ltr'><em>μὲν</em></span> 
     </span>
     <span class='ocr_line' id='line_1_13' title="bbox 239 1650 1383 1746; baseline 0 -22"><span class='ocrx_word' id='word_1_125' title='bbox 239 1660 287 1724; x_wconf 83' lang='grc' dir='ltr'><em>ἐπί</em></span> <span class='ocrx_word' id='word_1_126' title='bbox 321 1671 357 1741; x_wconf 91' lang='grc' dir='ltr'><em>τῇ</em></span> <span class='ocrx_word' id='word_1_127' title='bbox 389 1667 476 1741; x_wconf 74' lang='grc' dir='ltr'><em>ψυχῇ</em></span> <span class='ocrx_word' id='word_1_128' title='bbox 507 1661 655 1734; x_wconf 82' lang='grc' dir='ltr'><em>πολιτικῇν</em></span> <span class='ocrx_word' id='word_1_129' title='bbox 686 1666 786 1736; x_wconf 78' lang='grc' dir='ltr'><em>καλῶ,</em></span> <span class='ocrx_word' id='word_1_130' title='bbox 813 1661 864 1734; x_wconf 79' lang='grc' dir='ltr'><em>τῇν</em></span> <span class='ocrx_word' id='word_1_131' title='bbox 887 1658 911 1722; x_wconf 83' lang='grc' dir='ltr'><em>δ’</em></span> <span class='ocrx_word' id='word_1_132' title='bbox 927 1661 973 1725; x_wconf 79' lang='grc' dir='ltr'><em>ἐπί</em></span> <span class='ocrx_word' id='word_1_133' title='bbox 998 1660 1064 1746; x_wconf 46' lang='lat' dir='ltr'><strong>urei)</strong></span> <span class='ocrx_word' id='word_1_134' title='bbox 1086 1662 1201 1738; x_wconf 85' lang='grc' dir='ltr'><em>σάματι</em></span> <span class='ocrx_word' id='word_1_135' title='bbox 1223 1662 1295 1738; x_wconf 82' lang='grc' dir='ltr'><em>μίαν</em></span> <span class='ocrx_word' id='word_1_136' title='bbox 1317 1650 1383 1738; x_wconf 78' lang='grc' dir='ltr'><em>μὲν</em></span> 
     </span>
     <span class='ocr_line' id='line_1_14' title="bbox 241 1762 1422 1853; baseline -0.001 -24"><span class='ocrx_word' id='word_1_137' title='bbox 241 1762 328 1838; x_wconf 85' lang='grc' dir='ltr'><em>οῦτως</em></span> <span class='ocrx_word' id='word_1_138' title='bbox 351 1766 491 1844; x_wconf 79' lang='grc' dir='ltr'><em>ὀνομάσαι</em></span> <span class='ocrx_word' id='word_1_139' title='bbox 514 1766 564 1829; x_wconf 87' lang='grc' dir='ltr'><em>οῦκ</em></span> <span class='ocrx_word' id='word_1_140' title='bbox 587 1765 647 1843; x_wconf 80' lang='grc' dir='ltr'><em>ἔχω</em></span> <span class='ocrx_word' id='word_1_141' title='bbox 671 1789 732 1839; x_wconf 90' lang='grc' dir='ltr'><em>σοι,</em></span> <span class='ocrx_word' id='word_1_142' title='bbox 756 1767 827 1840; x_wconf 86' lang='grc' dir='ltr'><em>μιάς</em></span> <span class='ocrx_word' id='word_1_143' title='bbox 851 1763 973 1853; x_wconf 68' lang='grc' dir='ltr'><em>δοῦσνς</em></span> <span class='ocrx_word' id='word_1_144' title='bbox 994 1775 1047 1840; x_wconf 89' lang='grc' dir='ltr'><em>τῇς</em></span> <span class='ocrx_word' id='word_1_145' title='bbox 1065 1770 1115 1830; x_wconf 91' lang='grc' dir='ltr'><em>τοῦ</em></span> <span class='ocrx_word' id='word_1_146' title='bbox 1135 1766 1270 1843; x_wconf 80' lang='grc' dir='ltr'><em>’σώματος</em></span> <span class='ocrx_word' id='word_1_147' title='bbox 1291 1767 1372 1847; x_wconf 90' lang='grc' dir='ltr'><em>θερα-</em></span> <span class='ocrx_word' id='word_1_148' title='bbox 1415 1782 1422 1803; x_wconf 84' lang='grc'>’</span> 
     </span>
     <span class='ocr_line' id='line_1_15' title="bbox 241 1866 1371 1950; baseline 0.001 -17"><span class='ocrx_word' id='word_1_149' title='bbox 241 1872 328 1940; x_wconf 87' lang='grc' dir='ltr'><em>τείας</em></span> <span class='ocrx_word' id='word_1_150' title='bbox 352 1870 399 1933; x_wconf 83' lang='grc' dir='ltr'><em>δύο</em></span> <span class='ocrx_word' id='word_1_151' title='bbox 421 1868 506 1949; x_wconf 88' lang='grc' dir='ltr'><em>μθρια</em></span> <span class='ocrx_word' id='word_1_152' title='bbox 528 1871 625 1946; x_wconf 73' lang='grc' dir='ltr'><em>λέγω,</em></span> <span class='ocrx_word' id='word_1_153' title='bbox 653 1868 704 1941; x_wconf 80' lang='grc' dir='ltr'><em>τῇν</em></span> <span class='ocrx_word' id='word_1_154' title='bbox 727 1866 780 1946; x_wconf 75' lang='grc' dir='ltr'><em>μὲν</em></span> <span class='ocrx_word' id='word_1_155' title='bbox 803 1871 1022 1946; x_wconf 67' lang='grc' dir='ltr'><em>γυμναστικὴν,</em></span> <span class='ocrx_word' id='word_1_156' title='bbox 1045 1870 1098 1942; x_wconf 84' lang='grc' dir='ltr'><em>τῇν</em></span> <span class='ocrx_word' id='word_1_157' title='bbox 1122 1870 1145 1934; x_wconf 87' lang='grc' dir='ltr'><em>δ’</em></span> <span class='ocrx_word' id='word_1_158' title='bbox 1161 1871 1296 1950; x_wconf 83' lang='grc' dir='ltr'><em>ίατρικάν.</em></span> <span class='ocrx_word' id='word_1_159' title='bbox 1319 1879 1371 1945; x_wconf 88' lang='grc' dir='ltr'><em>τῇς</em></span> 
     </span>
     <span class='ocr_line' id='line_1_16' title="bbox 241 1974 1369 2061; baseline 0.001 -23"><span class='ocrx_word' id='word_1_160' title='bbox 241 1975 273 2038; x_wconf 81' lang='grc' dir='ltr'><em>δὲ</em></span> <span class='ocrx_word' id='word_1_161' title='bbox 296 1982 444 2048; x_wconf 71' lang='grc' dir='ltr'><em>πολιτικῆς</em></span> <span class='ocrx_word' id='word_1_162' title='bbox 467 1975 655 2054; x_wconf 80' lang='grc' dir='ltr'><em>άντίστροφον</em></span> <span class='ocrx_word' id='word_1_163' title='bbox 678 1974 732 2052; x_wconf 82' lang='grc' dir='ltr'><em>μὲν</em></span> <span class='ocrx_word' id='word_1_164' title='bbox 750 1984 786 2054; x_wconf 92' lang='grc' dir='ltr'><em>τῇ</em></span> <span class='ocrx_word' id='word_1_165' title='bbox 807 1985 994 2057; x_wconf 68' lang='grc' dir='ltr'><em>γυμναστικῇ</em></span> <span class='ocrx_word' id='word_1_166' title='bbox 1014 1977 1065 2050; x_wconf 81' lang='grc' dir='ltr'><em>τῇν</em></span> <span class='ocrx_word' id='word_1_167' title='bbox 1083 1977 1276 2061; x_wconf 61' lang='grc' dir='ltr'><em>νομοθετικῇν,</em></span> <span class='ocrx_word' id='word_1_168' title='bbox 1292 1976 1369 2040; x_wconf 87' lang='grc' dir='ltr'><em>άντί·</em></span> 
     </span>
    </p>

    <p class='ocr_par' dir='ltr' id='par_1_6' title="bbox 209 2072 1369 2163">
     <span class='ocr_line' id='line_1_17' title="bbox 209 2072 1369 2163; baseline 0.002 -20"><span class='ocrx_word' id='word_1_169' title='bbox 209 2085 363 2163; x_wconf 77' lang='grc' dir='ltr'><em>Οστροφον</em></span> <span class='ocrx_word' id='word_1_170' title='bbox 394 2080 423 2144; x_wconf 73' lang='grc' dir='ltr'><em>δὲ</em></span> <span class='ocrx_word' id='word_1_171' title='bbox 448 2090 485 2162; x_wconf 90' lang='grc' dir='ltr'><em>τῇ</em></span> <span class='ocrx_word' id='word_1_172' title='bbox 509 2081 621 2161; x_wconf 77' lang='grc' dir='ltr'><em>ἰατρικῇ</em></span> <span class='ocrx_word' id='word_1_173' title='bbox 646 2079 698 2153; x_wconf 81' lang='grc' dir='ltr'><em>τῇν</em></span> <span class='ocrx_word' id='word_1_174' title='bbox 721 2078 895 2154; x_wconf 82' lang='grc' dir='ltr'><em>δικαστικῇν.</em></span> <span class='ocrx_word' id='word_1_175' title='bbox 918 2081 1120 2146; x_wconf 82' lang='grc' dir='ltr'><em>ἐπικοινωνοῦσι</em></span> <span class='ocrx_word' id='word_1_176' title='bbox 1143 2080 1197 2157; x_wconf 78' lang='grc' dir='ltr'><em>μὲν</em></span> <span class='ocrx_word' id='word_1_177' title='bbox 1219 2080 1251 2154; x_wconf 79' lang='grc' dir='ltr'><em>δῇ</em></span> <span class='ocrx_word' id='word_1_178' title='bbox 1274 2072 1369 2154; x_wconf 77' lang='grc' dir='ltr'><em>άλλῇ-</em></span> 
     </span>
    </p>

    <p class='ocr_par' dir='ltr' id='par_1_7' title="bbox 162 2179 1369 2476">
     <span class='ocr_line' id='line_1_18' title="bbox 162 2179 1368 2267; baseline 0.002 -20"><span class='ocrx_word' id='word_1_179' title='bbox 162 2240 165 2247; x_wconf 87' lang='grc'><em>,</em></span> <span class='ocrx_word' id='word_1_180' title='bbox 240 2199 324 2267; x_wconf 92' lang='grc' dir='ltr'><em>λαις,</em></span> <span class='ocrx_word' id='word_1_181' title='bbox 356 2182 411 2250; x_wconf 80' lang='grc' dir='ltr'><em>άτε</em></span> <span class='ocrx_word' id='word_1_182' title='bbox 441 2185 503 2266; x_wconf 84' lang='grc' dir='ltr'><em>περί</em></span> <span class='ocrx_word' id='word_1_183' title='bbox 535 2184 643 2249; x_wconf 84' lang='grc' dir='ltr'><em>ταῦτθν</em></span> <span class='ocrx_word' id='word_1_184' title='bbox 675 2179 774 2260; x_wconf 84' lang='grc' dir='ltr'><em>οῦσοοι,</em></span> <span class='ocrx_word' id='word_1_185' title='bbox 805 2185 939 2264; x_wconf 80' lang='grc' dir='ltr'><em>ἑκάτεραι</em></span> <span class='ocrx_word' id='word_1_186' title='bbox 969 2185 1091 2262; x_wconf 84' lang='grc' dir='ltr'><em>τούτων,</em></span> <span class='ocrx_word' id='word_1_187' title='bbox 1118 2183 1184 2259; x_wconf 74' lang='grc' dir='ltr'><em>ἤτ’</em></span> <span class='ocrx_word' id='word_1_188' title='bbox 1199 2186 1309 2264; x_wconf 79' lang='grc' dir='ltr'><em>ἰατρικῇ</em></span> <span class='ocrx_word' id='word_1_189' title='bbox 1331 2195 1368 2267; x_wconf 92' lang='grc' dir='ltr'><em>τῇ</em></span> 
     </span>
     <span class='ocr_line' id='line_1_19' title="bbox 240 2289 1368 2373; baseline 0 -19"><span class='ocrx_word' id='word_1_190' title='bbox 240 2300 427 2371; x_wconf 68' lang='grc' dir='ltr'><em>γυμναστικῇ</em></span> <span class='ocrx_word' id='word_1_191' title='bbox 458 2290 506 2354; x_wconf 78' lang='grc' dir='ltr'><em>καί</em></span> <span class='ocrx_word' id='word_1_192' title='bbox 535 2292 551 2365; x_wconf 85' lang='grc' dir='ltr'><em>ῇ</em></span> <span class='ocrx_word' id='word_1_193' title='bbox 576 2289 725 2364; x_wconf 82' lang='grc' dir='ltr'><em>δικαστικῇ</em></span> <span class='ocrx_word' id='word_1_194' title='bbox 747 2299 785 2371; x_wconf 90' lang='grc' dir='ltr'><em>τῇ</em></span> <span class='ocrx_word' id='word_1_195' title='bbox 809 2293 980 2373; x_wconf 86' lang='grc' dir='ltr'><em>νομοθετικῇ·</em></span> <span class='ocrx_word' id='word_1_196' title='bbox 1004 2290 1080 2368; x_wconf 73' lang='grc' dir='ltr'><em>ὅμως</em></span> <span class='ocrx_word' id='word_1_197' title='bbox 1103 2290 1133 2354; x_wconf 77' lang='grc' dir='ltr'><em>δὲ</em></span> <span class='ocrx_word' id='word_1_198' title='bbox 1155 2290 1321 2371; x_wconf 79' lang='grc' dir='ltr'><em>διαφέρουσί</em></span> <span class='ocrx_word' id='word_1_199' title='bbox 1339 2314 1368 2354; x_wconf 95' lang='grc' dir='ltr'><em>τι</em></span> 
     </span>
     <span class='ocr_line' id='line_1_20' title="bbox 240 2393 1369 2476; baseline 0.001 -18"><span class='ocrx_word' id='word_1_200' title='bbox 240 2395 385 2470; x_wconf 83' lang='grc' dir='ltr'><em>άλλῇλων.</em></span> <span class='ocrx_word' id='word_1_201' title='bbox 416 2393 560 2475; x_wconf 88' lang='grc' dir='ltr'><em>τεττάρων</em></span> <span class='ocrx_word' id='word_1_202' title='bbox 591 2395 624 2468; x_wconf 84' lang='grc' dir='ltr'><em>δῇ</em></span> <span class='ocrx_word' id='word_1_203' title='bbox 654 2394 761 2459; x_wconf 82' lang='grc' dir='ltr'><em>τοῦτον</em></span> <span class='ocrx_word' id='word_1_204' title='bbox 790 2396 895 2470; x_wconf 83' lang='grc' dir='ltr'><em>οὐσῶν,</em></span> <span class='ocrx_word' id='word_1_205' title='bbox 925 2396 974 2460; x_wconf 83' lang='grc' dir='ltr'><em>καί</em></span> <span class='ocrx_word' id='word_1_206' title='bbox 1001 2395 1047 2460; x_wconf 74' lang='lat' dir='ltr'><strong>uisi</strong></span> <span class='ocrx_word' id='word_1_207' title='bbox 1071 2395 1139 2476; x_wconf 77' lang='grc' dir='ltr'><em>πρὸς</em></span> <span class='ocrx_word' id='word_1_208' title='bbox 1162 2397 1194 2461; x_wconf 83' lang='grc' dir='ltr'><em>τὸ</em></span> <span class='ocrx_word' id='word_1_209' title='bbox 1215 2395 1369 2472; x_wconf 73' lang='grc' dir='ltr'><em>βέλτιστον</em></span> 
     </span>
    </p>

    <p class='ocr_par' dir='ltr' id='par_1_8' title="bbox 140 2495 1456 2797">
     <span class='ocr_line' id='line_1_21' title="bbox 140 2495 1454 2581; baseline 0.002 -17"><span class='ocrx_word' id='word_1_210' title='bbox 140 2542 144 2547; x_wconf 87' lang='lat'><em>-</em></span> <span class='ocrx_word' id='word_1_211' title='bbox 240 2503 464 2577; x_wconf 80' lang='grc' dir='ltr'><em>θεραπευουσῶν,</em></span> <span class='ocrx_word' id='word_1_212' title='bbox 493 2495 560 2564; x_wconf 78' lang='grc' dir='ltr'><em>τῶν</em></span> <span class='ocrx_word' id='word_1_213' title='bbox 580 2500 632 2577; x_wconf 75' lang='grc' dir='ltr'><em>μὲν</em></span> <span class='ocrx_word' id='word_1_214' title='bbox 660 2498 693 2563; x_wconf 82' lang='grc' dir='ltr'><em>τὸ</em></span> <span class='ocrx_word' id='word_1_215' title='bbox 719 2505 823 2578; x_wconf 79' lang='grc' dir='ltr'><em>σῶμα,</em></span> <span class='ocrx_word' id='word_1_216' title='bbox 845 2507 901 2564; x_wconf 80' lang='grc' dir='ltr'><em>τῖον</em></span> <span class='ocrx_word' id='word_1_217' title='bbox 923 2500 952 2564; x_wconf 79' lang='grc' dir='ltr'><em>δὲ</em></span> <span class='ocrx_word' id='word_1_218' title='bbox 975 2502 1026 2576; x_wconf 83' lang='grc' dir='ltr'><em>τῇν</em></span> <span class='ocrx_word' id='word_1_219' title='bbox 1048 2503 1165 2581; x_wconf 69' lang='grc' dir='ltr'><em>ψυχὴν,</em></span> <span class='ocrx_word' id='word_1_220' title='bbox 1190 2504 1207 2576; x_wconf 88' lang='grc' dir='ltr'><em>ῇ</em></span> <span class='ocrx_word' id='word_1_221' title='bbox 1230 2516 1369 2566; x_wconf 87' lang='grc' dir='ltr'><em>κολακευ-</em></span> <span class='ocrx_word' id='word_1_222' title='bbox 1452 2525 1454 2528; x_wconf 71' lang='grc'>’</span> 
     </span>
     <span class='ocr_line' id='line_1_22' title="bbox 239 2598 1366 2689; baseline 0.002 -21"><span class='ocrx_word' id='word_1_223' title='bbox 239 2606 304 2678; x_wconf 85' lang='grc' dir='ltr'><em>τικῇ</em></span> <span class='ocrx_word' id='word_1_224' title='bbox 334 2604 500 2684; x_wconf 77' lang='grc' dir='ltr'><em>αίσθομένκ,</em></span> <span class='ocrx_word' id='word_1_225' title='bbox 532 2607 563 2669; x_wconf 86' lang='grc' dir='ltr'><em>οῦ</em></span> <span class='ocrx_word' id='word_1_226' title='bbox 593 2609 704 2681; x_wconf 71' lang='grc' dir='ltr'><em>γνοῦσα</em></span> <span class='ocrx_word' id='word_1_227' title='bbox 731 2598 827 2689; x_wconf 66' lang='grc' dir='ltr'><em>λέγω,</em></span> <span class='ocrx_word' id='word_1_228' title='bbox 855 2607 938 2670; x_wconf 84' lang='grc' dir='ltr'><em>άλλά</em></span> <span class='ocrx_word' id='word_1_229' title='bbox 968 2608 1196 2688; x_wconf 81' lang='grc' dir='ltr'><em>στοχασαμένῇ,</em></span> <span class='ocrx_word' id='word_1_230' title='bbox 1231 2605 1366 2686; x_wconf 78' lang='grc' dir='ltr'><em>τέτραχα</em></span> 
     </span>
     <span class='ocr_line' id='line_1_23' title="bbox 240 2709 1456 2797; baseline 0.006 -24"><span class='ocrx_word' id='word_1_231' title='bbox 240 2710 345 2785; x_wconf 81' lang='grc' dir='ltr'><em>ἑαυτῇν</em></span> <span class='ocrx_word' id='word_1_232' title='bbox 368 2710 562 2788; x_wconf 78' lang='grc' dir='ltr'><em>διανείμασα,</em></span> <span class='ocrx_word' id='word_1_233' title='bbox 588 2710 717 2775; x_wconf 80' lang='grc' dir='ltr'><em>ὑποδῦσα</em></span> <span class='ocrx_word' id='word_1_234' title='bbox 741 2710 792 2791; x_wconf 79' lang='grc' dir='ltr'><em>ὑφ’</em></span> <span class='ocrx_word' id='word_1_235' title='bbox 815 2709 936 2776; x_wconf 78' lang='grc' dir='ltr'><em>ἕκαστον</em></span> <span class='ocrx_word' id='word_1_236' title='bbox 959 2717 1014 2776; x_wconf 82' lang='grc' dir='ltr'><em>τῶν</em></span> <span class='ocrx_word' id='word_1_237' title='bbox 1036 2711 1152 2795; x_wconf 88' lang='grc' dir='ltr'><em>μορίων,</em></span> <span class='ocrx_word' id='word_1_238' title='bbox 1174 2718 1369 2790; x_wconf 80' lang='grc' dir='ltr'><em>προσποιεῖται</em></span> <span class='ocrx_word' id='word_1_239' title='bbox 1441 2774 1456 2797; x_wconf 11' lang='grc' dir='ltr'><em>γ,</em></span> 
     </span>
    </p>

    <p class='ocr_par' dir='ltr' id='par_1_9' title="bbox 204 2807 1373 3003">
     <span class='ocr_line' id='line_1_24' title="bbox 204 2807 1369 2909; baseline 0.002 -31"><span class='ocrx_word' id='word_1_240' title='bbox 204 2811 310 2887; x_wconf 80' lang='grc' dir='ltr'><em>Βεῖναι</em></span> <span class='ocrx_word' id='word_1_241' title='bbox 342 2807 461 2895; x_wconf 52' lang='grc' dir='ltr'><em>τοῦτο,</em></span> <span class='ocrx_word' id='word_1_242' title='bbox 475 2815 541 2896; x_wconf 79' lang='grc' dir='ltr'><em>άπερ</em></span> <span class='ocrx_word' id='word_1_243' title='bbox 573 2815 680 2891; x_wconf 83' lang='grc' dir='ltr'><em>ῦπθδυ,</em></span> <span class='ocrx_word' id='word_1_244' title='bbox 712 2815 761 2878; x_wconf 79' lang='grc' dir='ltr'><em>καί</em></span> <span class='ocrx_word' id='word_1_245' title='bbox 785 2821 836 2880; x_wconf 90' lang='grc' dir='ltr'><em>τοῦ</em></span> <span class='ocrx_word' id='word_1_246' title='bbox 860 2817 913 2894; x_wconf 81' lang='grc' dir='ltr'><em>μὲν</em></span> <span class='ocrx_word' id='word_1_247' title='bbox 935 2815 1093 2909; x_wconf 74' lang='grc' dir='ltr'><em>βελτίστου</em></span> <span class='ocrx_word' id='word_1_248' title='bbox 1114 2816 1190 2880; x_wconf 81' lang='grc' dir='ltr'><em>οὐδὲν</em></span> <span class='ocrx_word' id='word_1_249' title='bbox 1211 2816 1369 2896; x_wconf 79' lang='grc' dir='ltr'><em>φροντίζει,</em></span> 
     </span>
     <span class='ocr_line' id='line_1_25' title="bbox 239 2917 1373 3003; baseline 0.001 -20"><span class='ocrx_word' id='word_1_250' title='bbox 239 2922 280 3002; x_wconf 77' lang='grc' dir='ltr'><em>τῷ</em></span> <span class='ocrx_word' id='word_1_251' title='bbox 311 2917 335 2983; x_wconf 88' lang='grc' dir='ltr'><em>δ’</em></span> <span class='ocrx_word' id='word_1_252' title='bbox 359 2920 405 2985; x_wconf 77' lang='grc' dir='ltr'><em>άεὶ</em></span> <span class='ocrx_word' id='word_1_253' title='bbox 437 2921 539 3001; x_wconf 77' lang='grc' dir='ltr'><em>ἡδίστῳ</em></span> <span class='ocrx_word' id='word_1_254' title='bbox 570 2922 716 2998; x_wconf 74' lang='grc' dir='ltr'><em>θηρεύεται</em></span> <span class='ocrx_word' id='word_1_255' title='bbox 745 2921 797 2994; x_wconf 78' lang='grc' dir='ltr'><em>τῇν</em></span> <span class='ocrx_word' id='word_1_256' title='bbox 827 2918 924 2985; x_wconf 84' lang='grc' dir='ltr'><em>άνοιαν</em></span> <span class='ocrx_word' id='word_1_257' title='bbox 946 2921 995 2985; x_wconf 81' lang='grc' dir='ltr'><em>καί</em></span> <span class='ocrx_word' id='word_1_258' title='bbox 1021 2920 1176 3003; x_wconf 73' lang='grc' dir='ltr'><em>ἐξαπατᾷ,</em></span> <span class='ocrx_word' id='word_1_259' title='bbox 1200 2919 1274 2985; x_wconf 73' lang='grc' dir='ltr'><em>ὥστε</em></span> <span class='ocrx_word' id='word_1_260' title='bbox 1296 2921 1373 2985; x_wconf 86' lang='grc' dir='ltr'><em>δοκεῖ</em></span> 
     </span>
    </p>
   </div>
   <div class='ocr_carea' id='block_1_3' title="bbox 183 3115 1436 4652">
    <p class='ocr_par' dir='ltr' id='par_1_10' title="bbox 234 3115 1397 3859">
     <span class='ocr_line' id='line_1_26' title="bbox 273 3115 1397 3206; baseline 0.003 -23"><span class='ocrx_word' id='word_1_261' title='bbox 273 3139 319 3183; x_wconf 79' lang='grc'><em>464</em></span> <span class='ocrx_word' id='word_1_262' title='bbox 337 3135 465 3202; x_wconf 77' lang='grc' dir='ltr'><em>Α-ῖχει</em></span> <span class='ocrx_word' id='word_1_263' title='bbox 477 3137 495 3187; x_wconf 87' lang='grc' dir='ltr'><em>δ’</em></span> <span class='ocrx_word' id='word_1_264' title='bbox 511 3138 572 3187; x_wconf 75' lang='grc' dir='ltr'><em>οὐδὲν</em></span> <span class='ocrx_word' id='word_1_265' title='bbox 581 3115 679 3201; x_wconf 65' lang='grc' dir='ltr'><em>μᾶλλον]</em></span> <span class='ocrx_word' id='word_1_266' title='bbox 702 3135 781 3185; x_wconf 84' lang='lat' dir='ltr'><strong>Hune</strong></span> <span class='ocrx_word' id='word_1_267' title='bbox 828 3141 871 3202; x_wconf 73' lang='grc' dir='ltr'><em>μὲν</em></span> <span class='ocrx_word' id='word_1_268' title='bbox 887 3141 989 3206; x_wconf 79' lang='grc' dir='ltr'><em>χαίρειν,</em></span> <span class='ocrx_word' id='word_1_269' title='bbox 1009 3141 1051 3203; x_wconf 83' lang='grc' dir='ltr'><em>χαί</em></span> <span class='ocrx_word' id='word_1_270' title='bbox 1067 3157 1087 3188; x_wconf 89' lang='grc' dir='ltr'><em>ει</em></span> <span class='ocrx_word' id='word_1_271' title='bbox 1101 3137 1121 3187; x_wconf 84' lang='grc' dir='ltr'><em>δ’</em></span> <span class='ocrx_word' id='word_1_272' title='bbox 1131 3138 1240 3201; x_wconf 75' lang='grc' dir='ltr'><em>οὐδαμῶς.</em></span> <span class='ocrx_word' id='word_1_273' title='bbox 1258 3135 1368 3186; x_wconf 86' lang='lat' dir='ltr'>Omnino</span> <span class='ocrx_word' id='word_1_274' title='bbox 1394 3151 1397 3155; x_wconf 62' lang='lat'><strong>⁴</strong></span> 
     </span>
     <span class='ocr_line' id='line_1_27' title="bbox 239 3200 1369 3266; baseline 0.004 -18"><span class='ocrx_word' id='word_1_275' title='bbox 239 3200 322 3249; x_wconf 79' lang='lat' dir='ltr'><strong>locum</strong></span> <span class='ocrx_word' id='word_1_276' title='bbox 342 3206 373 3250; x_wconf 79' lang='lat' dir='ltr'><em>ui</em></span> <span class='ocrx_word' id='word_1_277' title='bbox 389 3218 478 3250; x_wconf 84' lang='lat' dir='ltr'><strong>senum</strong></span> <span class='ocrx_word' id='word_1_278' title='bbox 495 3202 633 3252; x_wconf 83' lang='lat' dir='ltr'><strong>defendunt</strong></span> <span class='ocrx_word' id='word_1_279' title='bbox 649 3202 779 3252; x_wconf 72' lang='lat' dir='ltr'>laudantes</span> <span class='ocrx_word' id='word_1_280' title='bbox 827 3202 1040 3265; x_wconf 79' lang='lat' dir='ltr'><strong>igitursssentieu</strong></span> <span class='ocrx_word' id='word_1_281' title='bbox 1060 3203 1291 3266; x_wconf 79' lang='lat' dir='ltr'><strong>umitaeerrigeuti</strong></span> <span class='ocrx_word' id='word_1_282' title='bbox 1302 3202 1369 3253; x_wconf 84' lang='lat' dir='ltr'><strong>Vitii</strong></span> 
     </span>
     <span class='ocr_line' id='line_1_28' title="bbox 238 3267 1367 3332; baseline 0.004 -18"><span class='ocrx_word' id='word_1_283' title='bbox 238 3282 302 3330; x_wconf 87' lang='lat' dir='ltr'><strong>quos</strong></span> <span class='ocrx_word' id='word_1_284' title='bbox 326 3283 358 3316; x_wconf 87' lang='lat' dir='ltr'><strong>ne</strong></span> <span class='ocrx_word' id='word_1_285' title='bbox 384 3268 528 3330; x_wconf 82' lang='lat' dir='ltr'><strong>intelligunt</strong></span> <span class='ocrx_word' id='word_1_286' title='bbox 548 3269 664 3332; x_wconf 87' lang='lat' dir='ltr'><strong>quidem,</strong></span> <span class='ocrx_word' id='word_1_287' title='bbox 688 3284 725 3317; x_wconf 84' lang='lat' dir='ltr'><strong>ex.</strong></span> <span class='ocrx_word' id='word_1_288' title='bbox 742 3285 779 3331; x_wconf 68' lang='lat' dir='ltr'><em>gr.</em></span> <span class='ocrx_word' id='word_1_289' title='bbox 827 3267 884 3317; x_wconf 84' lang='lat' dir='ltr'><strong>fons</strong></span> <span class='ocrx_word' id='word_1_290' title='bbox 901 3269 955 3317; x_wconf 88' lang='lat' dir='ltr'><strong>siue</strong></span> <span class='ocrx_word' id='word_1_291' title='bbox 973 3268 1051 3317; x_wconf 89' lang='lat' dir='ltr'><strong>dubio</strong></span> <span class='ocrx_word' id='word_1_292' title='bbox 1067 3269 1149 3321; x_wconf 79' lang='lat' dir='ltr'><strong>estin</strong></span> <span class='ocrx_word' id='word_1_293' title='bbox 1165 3268 1311 3319; x_wconf 76' lang='lat' dir='ltr'><strong>lectionein</strong></span> <span class='ocrx_word' id='word_1_294' title='bbox 1327 3285 1367 3319; x_wconf 87' lang='lat' dir='ltr'><strong>eo·</strong></span> 
     </span>
     <span class='ocr_line' id='line_1_29' title="bbox 238 3329 1367 3403; baseline 0.004 -22"><span class='ocrx_word' id='word_1_295' title='bbox 238 3332 307 3381; x_wconf 81' lang='lat' dir='ltr'><strong>Phil.</strong></span> <span class='ocrx_word' id='word_1_296' title='bbox 324 3333 404 3383; x_wconf 65' lang='lat'>3213.</span> <span class='ocrx_word' id='word_1_297' title='bbox 430 3345 466 3400; x_wconf 76' lang='grc' dir='ltr'><em>Τῷ</em></span> <span class='ocrx_word' id='word_1_298' title='bbox 482 3331 535 3384; x_wconf 83' lang='grc' dir='ltr'><em>ποτ’</em></span> <span class='ocrx_word' id='word_1_299' title='bbox 551 3335 780 3403; x_wconf 74' lang='grc' dir='ltr'><em>οῦνδῇτροπῳδθξα</em></span> <span class='ocrx_word' id='word_1_300' title='bbox 827 3333 926 3383; x_wconf 84' lang='lat' dir='ltr'><strong>dicibus</strong></span> <span class='ocrx_word' id='word_1_301' title='bbox 948 3335 1021 3384; x_wconf 82' lang='lat' dir='ltr'><strong>obvie</strong></span> <span class='ocrx_word' id='word_1_302' title='bbox 1037 3329 1097 3385; x_wconf 73' lang='lat' dir='ltr'><strong>notri</strong></span> <span class='ocrx_word' id='word_1_303' title='bbox 1112 3339 1155 3400; x_wconf 75' lang='grc' dir='ltr'><em>μὲν</em></span> <span class='ocrx_word' id='word_1_304' title='bbox 1171 3336 1253 3393; x_wconf 74' lang='grc' dir='ltr'><em>δοκεῖν,</em></span> <span class='ocrx_word' id='word_1_305' title='bbox 1271 3337 1312 3385; x_wconf 85' lang='lat' dir='ltr'><em>oui</em></span> <span class='ocrx_word' id='word_1_306' title='bbox 1329 3352 1367 3386; x_wconf 92' lang='lat' dir='ltr'><strong>re·</strong></span> 
     </span>
     <span class='ocr_line' id='line_1_30' title="bbox 238 3399 1383 3467; baseline 0.003 -18"><span class='ocrx_word' id='word_1_307' title='bbox 238 3399 317 3464; x_wconf 75' lang='grc' dir='ltr'><em>ψευδής</em></span> <span class='ocrx_word' id='word_1_308' title='bbox 334 3420 360 3450; x_wconf 86' lang='grc' dir='ltr'><em>τε</em></span> <span class='ocrx_word' id='word_1_309' title='bbox 377 3404 414 3450; x_wconf 87' lang='grc' dir='ltr'><em>καὶ</em></span> <span class='ocrx_word' id='word_1_310' title='bbox 429 3404 512 3458; x_wconf 73' lang='grc' dir='ltr'><em>ἀληθὴς</em></span> <span class='ocrx_word' id='word_1_311' title='bbox 521 3405 575 3464; x_wconf 80' lang='grc' dir='ltr'><em>ἡμῖν</em></span> <span class='ocrx_word' id='word_1_312' title='bbox 585 3403 643 3466; x_wconf 73' lang='grc' dir='ltr'><em>φιλεῖ</em></span> <span class='ocrx_word' id='word_1_313' title='bbox 652 3404 776 3464; x_wconf 71' lang='grc' dir='ltr'><em>γίγνεσθαι,</em></span> <span class='ocrx_word' id='word_1_314' title='bbox 827 3416 854 3449; x_wconf 81' lang='lat' dir='ltr'><em>ee</em></span> <span class='ocrx_word' id='word_1_315' title='bbox 873 3405 912 3449; x_wconf 78' lang='lat' dir='ltr'><strong>tue</strong></span> <span class='ocrx_word' id='word_1_316' title='bbox 926 3399 1016 3450; x_wconf 85' lang='lat' dir='ltr'><strong>deinde</strong></span> <span class='ocrx_word' id='word_1_317' title='bbox 1026 3401 1216 3466; x_wconf 76' lang='lat' dir='ltr'><strong>respondentem</strong></span> <span class='ocrx_word' id='word_1_318' title='bbox 1234 3406 1282 3467; x_wconf 86' lang='grc' dir='ltr'><em>ε’χει</em></span> <span class='ocrx_word' id='word_1_319' title='bbox 1299 3403 1323 3453; x_wconf 69' lang='grc' dir='ltr'><em>δὲ</em></span> <span class='ocrx_word' id='word_1_320' title='bbox 1339 3402 1383 3452; x_wconf 74' lang='lat'><em>111¹</em></span> 
     </span>
     <span class='ocr_line' id='line_1_31' title="bbox 237 3466 1367 3533; baseline 0.002 -18"><span class='ocrx_word' id='word_1_321' title='bbox 237 3469 265 3515; x_wconf 84' lang='grc' dir='ltr'><em>εδ</em></span> <span class='ocrx_word' id='word_1_322' title='bbox 287 3466 311 3514; x_wconf 81' lang='grc' dir='ltr'><em>δὲ</em></span> <span class='ocrx_word' id='word_1_323' title='bbox 332 3476 373 3523; x_wconf 81' lang='grc' dir='ltr'><em>τῆς</em></span> <span class='ocrx_word' id='word_1_324' title='bbox 389 3468 466 3523; x_wconf 78' lang='grc' dir='ltr'><em>ἡδονῆς</em></span> <span class='ocrx_word' id='word_1_325' title='bbox 483 3474 548 3530; x_wconf 85' lang='grc' dir='ltr'><em>μονον</em></span> <span class='ocrx_word' id='word_1_326' title='bbox 562 3470 657 3526; x_wconf 75' lang='grc' dir='ltr'><em>ἀληθὲς,</em></span> <span class='ocrx_word' id='word_1_327' title='bbox 676 3469 779 3528; x_wconf 75' lang='grc' dir='ltr'><em>δοξάζειν</em></span> <span class='ocrx_word' id='word_1_328' title='bbox 872 3482 911 3515; x_wconf 89' lang='lat' dir='ltr'><strong>em</strong></span> <span class='ocrx_word' id='word_1_329' title='bbox 924 3467 1282 3531; x_wconf 79' lang='lat' dir='ltr'><strong>construetioneseripserunt.</strong></span> <span class='ocrx_word' id='word_1_330' title='bbox 1293 3467 1367 3533; x_wconf 51' lang='lat' dir='ltr'><em>¹Vide</em></span> 
     </span>
     <span class='ocr_line' id='line_1_32' title="bbox 237 3528 1365 3599; baseline 0.004 -21"><span class='ocrx_word' id='word_1_331' title='bbox 237 3528 257 3578; x_wconf 86' lang='grc' dir='ltr'><em>δ’</em></span> <span class='ocrx_word' id='word_1_332' title='bbox 281 3531 347 3587; x_wconf 78' lang='grc' dir='ltr'><em>ὄντας</em></span> <span class='ocrx_word' id='word_1_333' title='bbox 373 3536 410 3582; x_wconf 82' lang='grc' dir='ltr'><em>καὶ</em></span> <span class='ocrx_word' id='word_1_334' title='bbox 435 3536 525 3599; x_wconf 79' lang='grc' dir='ltr'><em>χαίρειν</em></span> <span class='ocrx_word' id='word_1_335' title='bbox 548 3537 679 3599; x_wconf 71' lang='grc' dir='ltr'><em>ἀμφότερα·</em></span> <span class='ocrx_word' id='word_1_336' title='bbox 695 3536 777 3597; x_wconf 77' lang='grc' dir='ltr'><em>ὁμοίως</em></span> <span class='ocrx_word' id='word_1_337' title='bbox 826 3535 912 3597; x_wconf 77' lang='grc' dir='ltr'><em>μᾶλλον</em></span> <span class='ocrx_word' id='word_1_338' title='bbox 933 3533 1019 3581; x_wconf 88' lang='lat' dir='ltr'><strong>eodem</strong></span> <span class='ocrx_word' id='word_1_339' title='bbox 1035 3532 1111 3580; x_wconf 86' lang='lat' dir='ltr'><strong>modo</strong></span> <span class='ocrx_word' id='word_1_340' title='bbox 1128 3533 1239 3596; x_wconf 79' lang='lat' dir='ltr'><strong>positum</strong></span> <span class='ocrx_word' id='word_1_341' title='bbox 1255 3532 1283 3582; x_wconf 87' lang='lat' dir='ltr'><em>in</em></span> <span class='ocrx_word' id='word_1_342' title='bbox 1299 3533 1365 3583; x_wconf 86' lang='lat' dir='ltr'>Phd.</span> 
     </span>
     <span class='ocr_line' id='line_1_33' title="bbox 236 3597 1364 3667; baseline 0.005 -22"><span class='ocrx_word' id='word_1_343' title='bbox 236 3599 327 3662; x_wconf 77' lang='grc' dir='ltr'><em>είίηχις</em></span> <span class='ocrx_word' id='word_1_344' title='bbox 348 3612 456 3661; x_wconf 85' lang='lat' dir='ltr'><strong>quorum</strong></span> <span class='ocrx_word' id='word_1_345' title='bbox 472 3601 590 3662; x_wconf 70' lang='lat' dir='ltr'><strong>postremi</strong></span> <span class='ocrx_word' id='word_1_346' title='bbox 607 3597 643 3645; x_wconf 86' lang='lat' dir='ltr'><strong>sie</strong></span> <span class='ocrx_word' id='word_1_347' title='bbox 659 3603 774 3647; x_wconf 77' lang='lat' dir='ltr'><strong>vertunt:</strong></span> <span class='ocrx_word' id='word_1_348' title='bbox 826 3599 855 3647; x_wconf 84' lang='lat'><em>91</em></span> <span class='ocrx_word' id='word_1_349' title='bbox 868 3598 897 3646; x_wconf 82' lang='grc' dir='ltr'><em>Ο.</em></span> <span class='ocrx_word' id='word_1_350' title='bbox 908 3625 941 3634; x_wconf 89' lang='lat'><em>--</em></span> <span class='ocrx_word' id='word_1_351' title='bbox 952 3603 1045 3666; x_wconf 81' lang='grc' dir='ltr'><em>σμικρὸν</em></span> <span class='ocrx_word' id='word_1_352' title='bbox 1056 3603 1212 3666; x_wconf 73' lang='grc' dir='ltr'><em>φροντίσαντες</em></span> <span class='ocrx_word' id='word_1_353' title='bbox 1223 3607 1364 3667; x_wconf 76' lang='grc' dir='ltr'><em>Σωκράτους,</em></span> 
     </span>
     <span class='ocr_line' id='line_1_34' title="bbox 235 3660 1394 3729; baseline 0.004 -19"><span class='ocrx_word' id='word_1_354' title='bbox 235 3677 310 3724; x_wconf 73' lang='lat' dir='ltr'><em>qsmm</em></span> <span class='ocrx_word' id='word_1_355' title='bbox 334 3666 416 3711; x_wconf 82' lang='grc' dir='ltr'><em>ίαινιοιι</em></span> <span class='ocrx_word' id='word_1_356' title='bbox 433 3665 535 3726; x_wconf 68' lang='lat' dir='ltr'><strong>uirique</strong></span> <span class='ocrx_word' id='word_1_357' title='bbox 552 3667 578 3714; x_wconf 73' lang='grc' dir='ltr'><em>τὸ</em></span> <span class='ocrx_word' id='word_1_358' title='bbox 593 3664 659 3719; x_wconf 83' lang='grc' dir='ltr'><em>ῦνεοις</em></span> <span class='ocrx_word' id='word_1_359' title='bbox 675 3664 777 3726; x_wconf 79' lang='grc' dir='ltr'><em>δοξάζειν</em></span> <span class='ocrx_word' id='word_1_360' title='bbox 825 3674 865 3722; x_wconf 83' lang='grc' dir='ltr'><em>τῆς</em></span> <span class='ocrx_word' id='word_1_361' title='bbox 882 3660 901 3713; x_wconf 84' lang='grc' dir='ltr'><em>δ’</em></span> <span class='ocrx_word' id='word_1_362' title='bbox 916 3667 1022 3721; x_wconf 75' lang='grc' dir='ltr'><em>ἀληθείας</em></span> <span class='ocrx_word' id='word_1_363' title='bbox 1037 3667 1093 3714; x_wconf 75' lang='grc' dir='ltr'><em>πολὺ</em></span> <span class='ocrx_word' id='word_1_364' title='bbox 1107 3668 1193 3729; x_wconf 75' lang='grc' dir='ltr'><em>μᾶλλον</em></span> <span class='ocrx_word' id='word_1_365' title='bbox 1209 3667 1256 3715; x_wconf 72' lang='lat' dir='ltr'><em>xri·</em></span> <span class='ocrx_word' id='word_1_366' title='bbox 1391 3723 1394 3729; x_wconf 34' lang='grc'><em>,</em></span> 
     </span>
     <span class='ocr_line' id='line_1_35' title="bbox 235 3727 1363 3799; baseline 0.004 -23"><span class='ocrx_word' id='word_1_367' title='bbox 235 3727 395 3778; x_wconf 68' lang='lat' dir='ltr'><em>tribuendum</em></span> <span class='ocrx_word' id='word_1_368' title='bbox 411 3728 455 3778; x_wconf 75' lang='lat' dir='ltr'><strong>sii.</strong></span> <span class='ocrx_word' id='word_1_369' title='bbox 480 3729 574 3778; x_wconf 78' lang='lat' dir='ltr'>Sensus</span> <span class='ocrx_word' id='word_1_370' title='bbox 590 3733 673 3777; x_wconf 78' lang='lat' dir='ltr'><strong>autem</strong></span> <span class='ocrx_word' id='word_1_371' title='bbox 689 3744 776 3778; x_wconf 76' lang='lat' dir='ltr'><strong>eorum</strong></span> <span class='ocrx_word' id='word_1_372' title='bbox 836 3728 930 3778; x_wconf 85' lang='lat' dir='ltr'><em>.-D</em></span> <span class='ocrx_word' id='word_1_373' title='bbox 954 3735 1072 3799; x_wconf 74' lang='grc' dir='ltr'><em>θηρεύεται</em></span> <span class='ocrx_word' id='word_1_374' title='bbox 1088 3739 1127 3789; x_wconf 70' lang='grc' dir='ltr'><em>τὴν</em></span> <span class='ocrx_word' id='word_1_375' title='bbox 1143 3731 1230 3792; x_wconf 76' lang='grc' dir='ltr'><em>ἄνοιαν]</em></span> <span class='ocrx_word' id='word_1_376' title='bbox 1261 3730 1314 3779; x_wconf 80' lang='lat' dir='ltr'><strong>Alii</strong></span> <span class='ocrx_word' id='word_1_377' title='bbox 1334 3747 1363 3781; x_wconf 87' lang='lat' dir='ltr'><strong>ex</strong></span> 
     </span>
     <span class='ocr_line' id='line_1_36' title="bbox 234 3792 1366 3859; baseline 0.006 -19"><span class='ocrx_word' id='word_1_378' title='bbox 234 3792 277 3840; x_wconf 83' lang='lat' dir='ltr'><strong>hie</strong></span> <span class='ocrx_word' id='word_1_379' title='bbox 293 3799 345 3843; x_wconf 81' lang='lat' dir='ltr'><strong>est:</strong></span> <span class='ocrx_word' id='word_1_380' title='bbox 363 3794 467 3858; x_wconf 74' lang='lat' dir='ltr'><em>opinari</em></span> <span class='ocrx_word' id='word_1_381' title='bbox 484 3798 567 3843; x_wconf 82' lang='grc' dir='ltr'><em>ονίοοα</em></span> <span class='ocrx_word' id='word_1_382' title='bbox 578 3809 668 3842; x_wconf 79' lang='lat' dir='ltr'><strong>revere</strong></span> <span class='ocrx_word' id='word_1_383' title='bbox 679 3798 703 3842; x_wconf 78' lang='lat' dir='ltr'><em>et</em></span> <span class='ocrx_word' id='word_1_384' title='bbox 711 3811 775 3857; x_wconf 76' lang='grc' dir='ltr'><em>ρον·</em></span> <span class='ocrx_word' id='word_1_385' title='bbox 824 3810 874 3843; x_wconf 89' lang='lat' dir='ltr'><em>uno</em></span> <span class='ocrx_word' id='word_1_386' title='bbox 887 3795 972 3844; x_wconf 85' lang='lat' dir='ltr'><strong>codiee</strong></span> <span class='ocrx_word' id='word_1_387' title='bbox 982 3796 1153 3859; x_wconf 79' lang='lat' dir='ltr'><strong>recipiendum</strong></span> <span class='ocrx_word' id='word_1_388' title='bbox 1163 3801 1263 3845; x_wconf 87' lang='lat' dir='ltr'><strong>censent</strong></span> <span class='ocrx_word' id='word_1_389' title='bbox 1271 3799 1366 3850; x_wconf 85' lang='grc' dir='ltr'><em>διάνοιαν</em></span> 
     </span>
    </p>

    <p class='ocr_par' dir='ltr' id='par_1_11' title="bbox 183 3859 1436 4652">
     <span class='ocr_line' id='line_1_37' title="bbox 183 3859 1436 3926; baseline 0.002 -15"><span class='ocrx_word' id='word_1_390' title='bbox 183 3872 191 3877; x_wconf 90' lang='grc'><strong>“</strong></span> <span class='ocrx_word' id='word_1_391' title='bbox 235 3859 294 3911; x_wconf 75' lang='lat' dir='ltr'><strong>dere</strong></span> <span class='ocrx_word' id='word_1_392' title='bbox 320 3862 430 3923; x_wconf 70' lang='lat' dir='ltr'><strong>(reuera)</strong></span> <span class='ocrx_word' id='word_1_393' title='bbox 456 3865 618 3920; x_wconf 79' lang='lat' dir='ltr'><strong>utrorumque</strong></span> <span class='ocrx_word' id='word_1_394' title='bbox 643 3860 671 3922; x_wconf 79' lang='lat' dir='ltr'><em>(i.</em></span> <span class='ocrx_word' id='word_1_395' title='bbox 689 3876 709 3908; x_wconf 83' lang='lat' dir='ltr'><strong>e.</strong></span> <span class='ocrx_word' id='word_1_396' title='bbox 732 3873 775 3912; x_wconf 77' lang='grc' dir='ltr'><em>τῶν</em></span> <span class='ocrx_word' id='word_1_397' title='bbox 823 3876 869 3925; x_wconf 90' lang='lat' dir='ltr'><em>pro</em></span> <span class='ocrx_word' id='word_1_398' title='bbox 887 3867 977 3925; x_wconf 79' lang='grc' dir='ltr'><em>ἄνοιαν,</em></span> <span class='ocrx_word' id='word_1_399' title='bbox 1003 3861 1046 3910; x_wconf 83' lang='lat' dir='ltr'><strong>elii</strong></span> <span class='ocrx_word' id='word_1_400' title='bbox 1064 3864 1159 3925; x_wconf 77' lang='grc' dir='ltr'><em>εὔνοιαν,</em></span> <span class='ocrx_word' id='word_1_401' title='bbox 1180 3862 1271 3926; x_wconf 84' lang='lat' dir='ltr'><strong>reliqui</strong></span> <span class='ocrx_word' id='word_1_402' title='bbox 1287 3863 1364 3912; x_wconf 81' lang='lat' dir='ltr'><strong>inter-</strong></span> <span class='ocrx_word' id='word_1_403' title='bbox 1434 3899 1436 3902; x_wconf 24' lang='grc' dir='ltr'><em>ι</em></span> 
     </span>
     <span class='ocr_line' id='line_1_38' title="bbox 235 3926 1364 3995; baseline 0.004 -21"><span class='ocrx_word' id='word_1_404' title='bbox 235 3926 305 3991; x_wconf 80' lang='grc' dir='ltr'><em>ὀρθῶς</em></span> <span class='ocrx_word' id='word_1_405' title='bbox 321 3931 345 3974; x_wconf 84' lang='lat' dir='ltr'><strong>et</strong></span> <span class='ocrx_word' id='word_1_406' title='bbox 361 3934 395 3991; x_wconf 82' lang='grc' dir='ltr'><em>μὴ</em></span> <span class='ocrx_word' id='word_1_407' title='bbox 411 3931 482 3995; x_wconf 74' lang='grc' dir='ltr'><em>ὀρθῶς</em></span> <span class='ocrx_word' id='word_1_408' title='bbox 497 3952 530 3964; x_wconf 89' lang='grc'><strong>-</strong></span> <span class='ocrx_word' id='word_1_409' title='bbox 543 3928 631 3983; x_wconf 81' lang='grc' dir='ltr'><em>ἀληθῶς</em></span> <span class='ocrx_word' id='word_1_410' title='bbox 646 3930 671 3973; x_wconf 84' lang='lat' dir='ltr'><strong>et</strong></span> <span class='ocrx_word' id='word_1_411' title='bbox 682 3927 774 3991; x_wconf 79' lang='grc' dir='ltr'><em>ψευδῶς)</em></span> <span class='ocrx_word' id='word_1_412' title='bbox 825 3931 906 3992; x_wconf 78' lang='lat' dir='ltr'><strong>pretes</strong></span> <span class='ocrx_word' id='word_1_413' title='bbox 928 3927 974 3977; x_wconf 81' lang='lat' dir='ltr'><strong>hes</strong></span> <span class='ocrx_word' id='word_1_414' title='bbox 990 3927 1125 3977; x_wconf 76' lang='lat' dir='ltr'><strong>sententias</strong></span> <span class='ocrx_word' id='word_1_415' title='bbox 1141 3927 1258 3991; x_wconf 81' lang='lat' dir='ltr'><strong>refellunt</strong></span> <span class='ocrx_word' id='word_1_416' title='bbox 1274 3937 1364 3978; x_wconf 84' lang='lat' dir='ltr'><strong>neutro</strong></span> 
     </span>
     <span class='ocr_line' id='line_1_39' title="bbox 229 3990 1363 4057; baseline 0.005 -20"><span class='ocrx_word' id='word_1_417' title='bbox 229 3990 334 4052; x_wconf 75' lang='lat' dir='ltr'><strong>puriter</strong></span> <span class='ocrx_word' id='word_1_418' title='bbox 346 3993 494 4055; x_wconf 75' lang='lat' dir='ltr'><strong>partieipia</strong></span> <span class='ocrx_word' id='word_1_419' title='bbox 504 3997 569 4040; x_wconf 77' lang='grc' dir='ltr'><em>εκαθ.</em></span> <span class='ocrx_word' id='word_1_420' title='bbox 586 3991 690 4039; x_wconf 74' lang='lat' dir='ltr'><strong>Talibus</strong></span> <span class='ocrx_word' id='word_1_421' title='bbox 699 3992 777 4054; x_wconf 84' lang='lat' dir='ltr'><strong>igitur</strong></span> <span class='ocrx_word' id='word_1_422' title='bbox 824 4007 886 4056; x_wconf 76' lang='grc' dir='ltr'><em>ορατ</em></span> <span class='ocrx_word' id='word_1_423' title='bbox 902 4008 954 4042; x_wconf 79' lang='lat' dir='ltr'><strong>esee</strong></span> <span class='ocrx_word' id='word_1_424' title='bbox 969 4000 1143 4042; x_wconf 75' lang='lat' dir='ltr'><strong>asseverantes.</strong></span> <span class='ocrx_word' id='word_1_425' title='bbox 1166 3994 1219 4042; x_wconf 86' lang='lat' dir='ltr'><em>Nos</em></span> <span class='ocrx_word' id='word_1_426' title='bbox 1236 3995 1314 4057; x_wconf 81' lang='lat' dir='ltr'><strong>igitur</strong></span> <span class='ocrx_word' id='word_1_427' title='bbox 1325 4012 1363 4043; x_wconf 78' lang='lat' dir='ltr'><em>ar·</em></span> 
     </span>
     <span class='ocr_line' id='line_1_40' title="bbox 233 4055 1362 4132; baseline 0.005 -29"><span class='ocrx_word' id='word_1_428' title='bbox 233 4055 503 4120; x_wconf 82' lang='lat' dir='ltr'><strong>nihiiprofioimus.—</strong></span> <span class='ocrx_word' id='word_1_429' title='bbox 514 4057 653 4106; x_wconf 78' lang='lat' dir='ltr'><strong>Adeotritu</strong></span> <span class='ocrx_word' id='word_1_430' title='bbox 662 4057 776 4132; x_wconf 78' lang='lat' dir='ltr'><strong>estupud</strong></span> <span class='ocrx_word' id='word_1_431' title='bbox 823 4064 942 4120; x_wconf 75' lang='lat' dir='ltr'><strong>gemente</strong></span> <span class='ocrx_word' id='word_1_432' title='bbox 959 4058 1089 4108; x_wconf 74' lang='lat' dir='ltr'><strong>afferemus</strong></span> <span class='ocrx_word' id='word_1_433' title='bbox 1106 4067 1131 4107; x_wconf 85' lang='lat' dir='ltr'><strong>et</strong></span> <span class='ocrx_word' id='word_1_434' title='bbox 1147 4060 1222 4123; x_wconf 86' lang='lat' dir='ltr'><strong>vulgo</strong></span> <span class='ocrx_word' id='word_1_435' title='bbox 1239 4066 1362 4124; x_wconf 78' lang='lat' dir='ltr'><strong>receptum</strong></span> 
     </span>
     <span class='ocr_line' id='line_1_41' title="bbox 235 4119 1362 4187; baseline 0.007 -20"><span class='ocrx_word' id='word_1_436' title='bbox 235 4119 343 4170; x_wconf 73' lang='lat' dir='ltr'><strong>Graecos</strong></span> <span class='ocrx_word' id='word_1_437' title='bbox 360 4123 460 4172; x_wconf 83' lang='lat' dir='ltr'><strong>dicendi</strong></span> <span class='ocrx_word' id='word_1_438' title='bbox 476 4124 555 4181; x_wconf 76' lang='lat' dir='ltr'><strong>ratio,</strong></span> <span class='ocrx_word' id='word_1_439' title='bbox 572 4139 622 4187; x_wconf 80' lang='lat' dir='ltr'><em>qua</em></span> <span class='ocrx_word' id='word_1_440' title='bbox 638 4138 774 4187; x_wconf 82' lang='lat' dir='ltr'><strong>prseunsso</strong></span> <span class='ocrx_word' id='word_1_441' title='bbox 822 4123 955 4173; x_wconf 79' lang='lat' dir='ltr'><strong>lectionem</strong></span> <span class='ocrx_word' id='word_1_442' title='bbox 970 4125 1072 4174; x_wconf 77' lang='lat' dir='ltr'><strong>Platoni</strong></span> <span class='ocrx_word' id='word_1_443' title='bbox 1088 4125 1250 4175; x_wconf 81' lang='lat' dir='ltr'><strong>vindicemus.</strong></span> <span class='ocrx_word' id='word_1_444' title='bbox 1271 4127 1362 4175; x_wconf 84' lang='lat' dir='ltr'><strong>Secun-</strong></span> 
     </span>
     <span class='ocr_line' id='line_1_42' title="bbox 233 4185 1362 4256; baseline 0.007 -23"><span class='ocrx_word' id='word_1_445' title='bbox 233 4185 308 4234; x_wconf 86' lang='lat' dir='ltr'><strong>verbo</strong></span> <span class='ocrx_word' id='word_1_446' title='bbox 326 4189 396 4238; x_wconf 78' lang='grc' dir='ltr'><em>δοκεῖν</em></span> <span class='ocrx_word' id='word_1_447' title='bbox 411 4205 469 4243; x_wconf 84' lang='lat' dir='ltr'><strong>eum</strong></span> <span class='ocrx_word' id='word_1_448' title='bbox 485 4194 540 4254; x_wconf 81' lang='grc' dir='ltr'><em>ριἰν,</em></span> <span class='ocrx_word' id='word_1_449' title='bbox 553 4189 659 4238; x_wconf 72' lang='lat' dir='ltr'><strong>alterum</strong></span> <span class='ocrx_word' id='word_1_450' title='bbox 670 4189 774 4237; x_wconf 85' lang='lat' dir='ltr'><strong>verbum</strong></span> <span class='ocrx_word' id='word_1_451' title='bbox 823 4188 884 4238; x_wconf 91' lang='lat' dir='ltr'><em>dum</em></span> <span class='ocrx_word' id='word_1_452' title='bbox 901 4204 956 4248; x_wconf 86' lang='lat' dir='ltr'><strong>eos,</strong></span> <span class='ocrx_word' id='word_1_453' title='bbox 966 4190 1012 4254; x_wconf 88' lang='lat' dir='ltr'><em>qui</em></span> <span class='ocrx_word' id='word_1_454' title='bbox 1023 4192 1118 4242; x_wconf 82' lang='grc' dir='ltr'><em>διάνοιαν</em></span> <span class='ocrx_word' id='word_1_455' title='bbox 1127 4192 1278 4256; x_wconf 69' lang='lat' dir='ltr'><strong>approbent,</strong></span> <span class='ocrx_word' id='word_1_456' title='bbox 1289 4191 1362 4242; x_wconf 74' lang='lat' dir='ltr'><strong>Puto</strong></span> 
     </span>
     <span class='ocr_line' id='line_1_43' title="bbox 234 4253 1361 4320; baseline 0.008 -22"><span class='ocrx_word' id='word_1_457' title='bbox 234 4267 291 4299; x_wconf 84' lang='lat' dir='ltr'><strong>eum</strong></span> <span class='ocrx_word' id='word_1_458' title='bbox 307 4253 332 4302; x_wconf 73' lang='lat' dir='ltr'><em>ii</em></span> <span class='ocrx_word' id='word_1_459' title='bbox 343 4255 499 4318; x_wconf 80' lang='lat' dir='ltr'><strong>subjungunt</strong></span> <span class='ocrx_word' id='word_1_460' title='bbox 511 4256 537 4303; x_wconf 88' lang='lat' dir='ltr'><em>iu</em></span> <span class='ocrx_word' id='word_1_461' title='bbox 548 4255 633 4303; x_wconf 80' lang='lat' dir='ltr'><strong>eedem</strong></span> <span class='ocrx_word' id='word_1_462' title='bbox 645 4263 773 4303; x_wconf 82' lang='lat' dir='ltr'><strong>construe·</strong></span> <span class='ocrx_word' id='word_1_463' title='bbox 820 4255 966 4320; x_wconf 77' lang='lat' dir='ltr'><strong>scripserit:</strong></span> <span class='ocrx_word' id='word_1_464' title='bbox 983 4257 1104 4305; x_wconf 79' lang='lat' dir='ltr'><strong>adulandi</strong></span> <span class='ocrx_word' id='word_1_465' title='bbox 1120 4274 1160 4304; x_wconf 80' lang='lat' dir='ltr'><strong>ers</strong></span> <span class='ocrx_word' id='word_1_466' title='bbox 1176 4256 1294 4320; x_wconf 87' lang='lat' dir='ltr'><strong>quodque</strong></span> <span class='ocrx_word' id='word_1_467' title='bbox 1306 4269 1361 4307; x_wconf 80' lang='lat' dir='ltr'><strong>sue·</strong></span> 
     </span>
     <span class='ocr_line' id='line_1_44' title="bbox 232 4317 1361 4386; baseline 0.006 -21"><span class='ocrx_word' id='word_1_468' title='bbox 232 4317 315 4375; x_wconf 84' lang='lat' dir='ltr'><strong>tione,</strong></span> <span class='ocrx_word' id='word_1_469' title='bbox 331 4325 361 4366; x_wconf 85' lang='lat' dir='ltr'><em>ut</em></span> <span class='ocrx_word' id='word_1_470' title='bbox 377 4335 449 4369; x_wconf 85' lang='lat' dir='ltr'><strong>voees</strong></span> <span class='ocrx_word' id='word_1_471' title='bbox 463 4323 569 4386; x_wconf 75' lang='grc' dir='ltr'><em>ίχεινδί,</em></span> <span class='ocrx_word' id='word_1_472' title='bbox 583 4321 604 4367; x_wconf 90' lang='lat' dir='ltr'><em>si</em></span> <span class='ocrx_word' id='word_1_473' title='bbox 616 4320 773 4368; x_wconf 81' lang='lat' dir='ltr'><strong>veliunulio</strong></span> <span class='ocrx_word' id='word_1_474' title='bbox 822 4321 953 4370; x_wconf 83' lang='lat' dir='ltr'><strong>vissimum</strong></span> <span class='ocrx_word' id='word_1_475' title='bbox 976 4322 1097 4370; x_wconf 80' lang='lat' dir='ltr'><strong>adhibens</strong></span> <span class='ocrx_word' id='word_1_476' title='bbox 1119 4329 1224 4371; x_wconf 81' lang='lat' dir='ltr'><strong>venetur</strong></span> <span class='ocrx_word' id='word_1_477' title='bbox 1244 4327 1361 4372; x_wconf 84' lang='lat' dir='ltr'><strong>mentem.</strong></span> 
     </span>
     <span class='ocr_line' id='line_1_45' title="bbox 232 4383 1360 4451; baseline 0.006 -21"><span class='ocrx_word' id='word_1_478' title='bbox 232 4383 318 4432; x_wconf 78' lang='lat' dir='ltr'><strong>codiee</strong></span> <span class='ocrx_word' id='word_1_479' title='bbox 341 4393 510 4450; x_wconf 79' lang='lat' dir='ltr'><strong>superessem,</strong></span> <span class='ocrx_word' id='word_1_480' title='bbox 530 4386 615 4435; x_wconf 87' lang='lat' dir='ltr'><strong>nullus</strong></span> <span class='ocrx_word' id='word_1_481' title='bbox 632 4386 772 4446; x_wconf 68' lang='lat' dir='ltr'><strong>dubitarem</strong></span> <span class='ocrx_word' id='word_1_482' title='bbox 822 4385 918 4436; x_wconf 83' lang='lat' dir='ltr'><strong>Verum</strong></span> <span class='ocrx_word' id='word_1_483' title='bbox 939 4386 1008 4436; x_wconf 78' lang='lat' dir='ltr'><strong>deest</strong></span> <span class='ocrx_word' id='word_1_484' title='bbox 1025 4387 1122 4451; x_wconf 75' lang='lat' dir='ltr'><strong>aliquid</strong></span> <span class='ocrx_word' id='word_1_485' title='bbox 1141 4388 1201 4436; x_wconf 86' lang='lat' dir='ltr'><strong>huie</strong></span> <span class='ocrx_word' id='word_1_486' title='bbox 1217 4388 1360 4438; x_wconf 78' lang='lat' dir='ltr'><strong>sententiae.</strong></span> 
     </span>
     <span class='ocr_line' id='line_1_46' title="bbox 231 4449 1423 4515; baseline 0.006 -18"><span class='ocrx_word' id='word_1_487' title='bbox 231 4449 259 4497; x_wconf 84' lang='lat' dir='ltr'><em>in</em></span> <span class='ocrx_word' id='word_1_488' title='bbox 276 4449 370 4512; x_wconf 84' lang='lat' dir='ltr'><strong>Gorgia</strong></span> <span class='ocrx_word' id='word_1_489' title='bbox 381 4451 518 4500; x_wconf 79' lang='lat' dir='ltr'><strong>restituere.</strong></span> <span class='ocrx_word' id='word_1_490' title='bbox 535 4451 631 4499; x_wconf 80' lang='lat' dir='ltr'><strong>Eadem</strong></span> <span class='ocrx_word' id='word_1_491' title='bbox 643 4457 771 4500; x_wconf 82' lang='lat' dir='ltr'><strong>construc-</strong></span> <span class='ocrx_word' id='word_1_492' title='bbox 820 4452 869 4501; x_wconf 77' lang='lat' dir='ltr'><em>Im</em></span> <span class='ocrx_word' id='word_1_493' title='bbox 885 4452 952 4515; x_wconf 82' lang='lat' dir='ltr'><strong>enim</strong></span> <span class='ocrx_word' id='word_1_494' title='bbox 968 4453 1099 4502; x_wconf 89' lang='lat' dir='ltr'><strong>homiuum</strong></span> <span class='ocrx_word' id='word_1_495' title='bbox 1117 4455 1200 4504; x_wconf 78' lang='grc' dir='ltr'><em>διάνοια</em></span> <span class='ocrx_word' id='word_1_496' title='bbox 1215 4453 1358 4503; x_wconf 83' lang='lat' dir='ltr'><strong>ueneadem</strong></span> <span class='ocrx_word' id='word_1_497' title='bbox 1421 4457 1423 4461; x_wconf 81' lang='grc'><strong>’</strong></span> 
     </span>
     <span class='ocr_line' id='line_1_47' title="bbox 230 4515 1359 4588; baseline 0.004 -24"><span class='ocrx_word' id='word_1_498' title='bbox 230 4515 267 4564; x_wconf 79' lang='lat' dir='ltr'><em>iio</em></span> <span class='ocrx_word' id='word_1_499' title='bbox 284 4521 322 4564; x_wconf 88' lang='lat' dir='ltr'><strong>est</strong></span> <span class='ocrx_word' id='word_1_500' title='bbox 338 4517 414 4580; x_wconf 81' lang='lat' dir='ltr'><strong>paulo</strong></span> <span class='ocrx_word' id='word_1_501' title='bbox 431 4519 545 4582; x_wconf 84' lang='lat' dir='ltr'><strong>superius</strong></span> <span class='ocrx_word' id='word_1_502' title='bbox 562 4518 667 4568; x_wconf 82' lang='grc' dir='ltr'><em>δοκοῦσαν</em></span> <span class='ocrx_word' id='word_1_503' title='bbox 682 4523 724 4582; x_wconf 86' lang='grc' dir='ltr'><em>μἐν</em></span> <span class='ocrx_word' id='word_1_504' title='bbox 739 4544 773 4555; x_wconf 94' lang='grc'><strong>-</strong></span> <span class='ocrx_word' id='word_1_505' title='bbox 820 4518 946 4575; x_wconf 82' lang='lat' dir='ltr'><strong>emnium,</strong></span> <span class='ocrx_word' id='word_1_506' title='bbox 963 4519 1006 4568; x_wconf 84' lang='lat' dir='ltr'><strong>sed</strong></span> <span class='ocrx_word' id='word_1_507' title='bbox 1023 4519 1129 4568; x_wconf 81' lang='lat' dir='ltr'><strong>aliorum</strong></span> <span class='ocrx_word' id='word_1_508' title='bbox 1142 4525 1241 4588; x_wconf 79' lang='grc' dir='ltr'><em>σμικρὰ,</em></span> <span class='ocrx_word' id='word_1_509' title='bbox 1252 4521 1359 4569; x_wconf 78' lang='lat' dir='ltr'><strong>aliorum</strong></span> 
     </span>
     <span class='ocr_line' id='line_1_48' title="bbox 232 4581 1357 4652; baseline 0.002 -20"><span class='ocrx_word' id='word_1_510' title='bbox 232 4581 299 4634; x_wconf 67' lang='grc' dir='ltr'><em>οὖσαν</em></span> <span class='ocrx_word' id='word_1_511' title='bbox 315 4584 339 4632; x_wconf 80' lang='grc' dir='ltr'><em>δί</em></span> <span class='ocrx_word' id='word_1_512' title='bbox 355 4607 396 4632; x_wconf 92' lang='grc'><em>-.</em></span> <span class='ocrx_word' id='word_1_513' title='bbox 420 4582 489 4634; x_wconf 80' lang='lat' dir='ltr'><strong>Phil.</strong></span> <span class='ocrx_word' id='word_1_514' title='bbox 506 4585 538 4633; x_wconf 88' lang='grc'><em>36</em></span> <span class='ocrx_word' id='word_1_515' title='bbox 555 4583 579 4633; x_wconf 80' lang='grc' dir='ltr'><strong>Ε</strong></span> <span class='ocrx_word' id='word_1_516' title='bbox 596 4587 657 4641; x_wconf 84' lang='grc' dir='ltr'><em>θεσις</em></span> <span class='ocrx_word' id='word_1_517' title='bbox 671 4583 782 4636; x_wconf 74' lang='grc' dir='ltr'><em>-δοκεῖ-</em></span> <span class='ocrx_word' id='word_1_518' title='bbox 821 4588 927 4651; x_wconf 62' lang='grc' dir='ltr'><em>μεγάλη,</em></span> <span class='ocrx_word' id='word_1_519' title='bbox 945 4584 1052 4635; x_wconf 77' lang='lat' dir='ltr'><strong>eliorum</strong></span> <span class='ocrx_word' id='word_1_520' title='bbox 1069 4584 1128 4644; x_wconf 59' lang='lat' dir='ltr'><strong>alie,</strong></span> <span class='ocrx_word' id='word_1_521' title='bbox 1155 4586 1195 4635; x_wconf 84' lang='lat' dir='ltr'><strong>Ne</strong></span> <span class='ocrx_word' id='word_1_522' title='bbox 1210 4586 1289 4650; x_wconf 84' lang='lat' dir='ltr'><strong>igitur</strong></span> <span class='ocrx_word' id='word_1_523' title='bbox 1304 4601 1357 4652; x_wconf 80' lang='lat' dir='ltr'><em>om-</em></span> 
     </span>
    </p>
   </div>
   <div class='ocr_carea' id='block_1_4' title="bbox 0 0 1524 5122">
    <p class='ocr_par' dir='ltr' id='par_1_12' title="bbox 0 0 1524 5122">
     <span class='ocr_line' id='line_1_49' title="bbox 0 0 1524 5122; baseline 0 3"><span class='ocrx_word' id='word_1_524' title='bbox 0 0 1524 5122; x_wconf 95' lang='lat' dir='ltr'><em> </em></span> 
     </span>
    </p>
   </div>
  </div>
 </body>
</html>
