3038 5122
502 299 913 376 PROLEGOMENA.
1198 329 1277 375 xnus

134 519 248 583 ἔσεσύιιι
273 523 304 582 et
326 515 439 595 aaran
462 515 502 581 τύ
525 517 665 583 πολιτικοὶ
689 514 881 599 eundemque
906 536 1031 599 scopum
1056 522 1202 601 spectare.
1238 516 1275 583 ‘0

133 624 239 696 τελέως
262 624 373 701 aaran
396 624 465 702 ώνηρ
489 630 543 687 est.
558 627 620 688 νοῦν
643 621 736 703 ἔχων,
758 623 844 685 novit
860 618 878 686 δ’
890 646 918 705 τι
934 621 1061 698 sparta,
1078 618 1136 686 ύτι
1152 621 1275 705 traaas,

134 733 220 796 ύποῒοι
253 735 310 794 τών
345 729 430 805 ηδέων
459 728 582 805 dycta,
614 734 646 791 et
675 728 844 791 necessario
876 733 922 790 est
956 726 1061 799 δι’κιιιος
1096 733 1127 790 et
1156 727 1276 808 σώφρων

137 835 225 922 (Cap.
258 835 311 900 ΠΙ
334 847 364 899 et
387 834 415 898 Ι.
438 833 519 899 Seot.
543 832 570 898 Ι.
595 835 611 918 d
635 835 678 913 2).
712 831 830 918 Scopas
853 840 974 910 autem,
999 832 1036 896 ad
1061 855 1151 915 quem
1174 830 1275 897 bonus

134 942 180 1007 vir
203 949 344 1027 spectans
368 937 429 1004 sibi
454 939 583 1023 aliisque
606 939 701 1016 sivit,
726 938 894 1003 secundum
916 941 979 1004 507
999 938 1046 1015 D,
1064 939 1118 1003 ubi
1137 937 1275 1003 Socrates

134 1048 309 1113 summatim
341 1045 485 1132 exprimit
509 1067 587 1131 quae
609 1043 928 1128 argumentationibus
951 1043 1106 1122 effecerat,
1131 1043 1180 1109 hio
1206 1049 1274 1109 est:

133 1150 213 1225 ούτος
236 1152 338 1232 ἔμοιγε
360 1151 439 1217 δοκεῖ
457 1151 471 1216 ὂ
494 1151 600 1224 σκοπὸς
623 1147 713 1227 strar,
737 1150 806 1231 πρὸς
829 1147 859 1216 δν
881 1149 1037 1229 βλέποντα
1059 1150 1105 1214 δεῖ
1132 1150 1200 1232 ζῆν,
1223 1149 1274 1215 καὶ

133 1257 223 1326 πώντ’
256 1261 296 1332 εἰς
326 1264 411 1324 τοῦτο
442 1255 492 1323 κού
523 1258 565 1322 τώ
595 1257 686 1323 αὑτοῦ
716 1258 899 1322 συντείνοντος
929 1257 978 1321 κού
1003 1259 1044 1322 τώ
1066 1265 1120 1332 τῆς
1143 1256 1271 1334 πόλεως,

132 1364 208 1437 ὅπως
242 1365 402 1439 δικωιοσύνη
437 1361 581 1444 ποιρέστοιι
618 1364 668 1428 κού
699 1363 866 1444 σωφροσύνη
897 1365 939 1444 τῷ
969 1361 1104 1442 μοικοιρύῳ
1134 1361 1275 1440 μέλλοντι

133 1471 265 1553 ἓσεσύοιι,
289 1469 362 1536 ούτω
386 1468 535 1550 πρώττειν.
571 1468 660 1532 Hanc
684 1491 770 1533 suam
793 1469 889 1554 igitur
912 1475 943 1533 et
967 1469 1098 1532 aliorum
1123 1475 1153 1532 et
1176 1468 1274 1533 totius

135 1576 268 1641 civitatis
291 1574 477 1641 salutemet
500 1573 675 1638 felicitatem
700 1581 840 1658 spectans
862 1596 952 1638 uerus
971 1574 1076 1638 rhetor
1091 1596 1181 1638 verus
1197 1573 1274 1658 poli·

133 1684 213 1746 ticus
237 1688 283 1746 est
306 1681 396 1754 κοιλὸς
419 1679 568 1758 κώνοιύδς,
594 1687 640 1744 est
659 1679 764 1751 δίκοιιος
788 1692 818 1744 et
840 1680 979 1763 σώφρων,
1004 1678 1104 1744 bonus
1126 1681 1219 1759 civis,
1244 1688 1275 1746 et

134 1809 252 1872 semper
275 1788 339 1870 agit
362 1794 392 1850 et
416 1784 491 1850 dicit
513 1786 582 1865 πρὸς
605 1786 638 1851 τὸ
661 1785 835 1871 βέλτιστον,
859 1794 894 1850 nt
913 1790 970 1850 τών
985 1792 1108 1851 πολιτῶν
1124 1787 1156 1850 ul
1171 1786 1273 1868 ψυχαὶ

132 1896 169 1965 ώς
199 1891 359 1972 βέλτιστοι
385 1892 478 1981 fiant,
503 1912 608 1955 eorum
632 1895 648 1967 η
672 1891 782 1957 διώνοιοι
803 1894 882 1966 usal
904 1892 1023 1968 κύνοιύη
1048 1891 1067 1957 i.
1091 1915 1117 1955 e.
1141 1900 1177 1957 ut
1199 1893 1274 1957 fiant

132 1998 232 2064 δίκονιοι
263 2005 293 2062 et
316 1998 458 2080 σώφρονες
482 1999 561 2082 (503
586 1998 631 2074 A,
658 2000 723 2061 504
746 1997 794 2075 D,
819 2001 884 2062 514
908 2000 936 2061 A
959 1997 1019 2081 al).
1059 1996 1147 2077 Quae
1171 1998 1274 2063 omnia

131 2105 231 2183 λύγοις
254 2103 475 2189 (syllogisticis)
498 2111 646 2188 tanquam
669 2104 787 2182 σιδηροῖς
810 2103 860 2169 acl
880 2103 1086 2179 οὶδοιμοιντίνοις
1102 2103 1221 2170 firmata
1241 2110 1272 2169 et

135 2211 300 2276 constricta
330 2210 495 2274 adversarii
526 2209 645 2274 Socrati
675 2209 840 2275 concedere
864 2217 1027 2294 coguntur.
1065 2209 1215 2275 Fateatur
1237 2232 1269 2276 se

132 2306 256 2402 prorsus
280 2317 433 2381 contraria
456 2315 553 2379 lacere
577 2338 612 2379 ac
635 2338 704 2380 vera
719 2315 872 2379 rhetorica
888 2316 1046 2400 praecipit.
1070 2315 1221 2380 Fatentur
1237 2338 1269 2381 se

132 2424 272 2508 ignorare
297 2424 375 2486 hanc
399 2444 500 2485 veram
524 2421 706 2485 rhetoricam
731 2428 761 2485 et
777 2421 943 2507 politicam.
974 2420 1084 2507 Neque
1100 2422 1270 2508 quidquam

132 2529 264 2614 amplius
288 2536 394 2593 contra
417 2528 576 2612 disputant
600 2535 669 2613 post
692 2528 800 2614 capitis
823 2528 876 2591 ΠΙ
900 2529 1145 2606 conclusionem,
1163 2550 1274 2612 exque

133 2655 256 2720 qnoque
279 2635 312 2698 in
335 2634 533 2698 clarissimam
557 2633 658 2698 lucem
679 2634 783 2719 prodit
798 2656 868 2698 vera
883 2634 1033 2698 rethorica
1048 2636 1111 2698 sive
1127 2635 1272 2721 politica,

132 2760 223 2823 quam
254 2747 285 2805 et
319 2740 442 2825 qualem
473 2739 611 2805 Socrates
642 2740 775 2824 intelligi
798 2740 883 2817 vult,
909 2740 1085 2824 ubicunque
1109 2740 1147 2804 de
1172 2764 1207 2805 ea
1229 2740 1274 2806 lo·

131 2846 248 2929 quitur.
284 2846 591 2931 Argumentationem
617 2848 696 2910 enim
720 2847 814 2931 hujus
830 2845 940 2931 capitis
956 2847 1000 2910 sio
1016 2846 1077 2910 lere
1096 2847 1270 2912 concludit:

130 2974 229 3038 neque
260 2952 356 3037 igitur
386 2951 518 3017 Pericles
549 2974 648 3037 neque
679 2951 791 3036 reliqui
824 2951 943 3036 politici
966 2953 1032 3036 (qui
1055 2960 1131 3016 tunc
1154 2975 1274 3019 summa

129 3056 221 3122 laude
245 3057 377 3123 Athenis
402 3055 649 3143 celebrabantur)
668 3057 775 3136 ώνοιύοὶ
797 3058 922 3139 ῥύτορες,
938 3058 1045 3136 assat
1061 3058 1103 3122 rel
1118 3058 1272 3135 acturust,

129 3161 235 3240 azyaco}
268 3170 389 3229 τολῖτοιι
421 3163 565 3242 fuerunt,
599 3165 714 3249 quippe
743 3163 812 3230 ώνεν
835 3163 1011 3240 δικαιοσύνης
1034 3171 1065 3228 et
1087 3165 1271 3248 σωφροσύνης

130 3267 264 3348 νεωρίοις,
300 3269 416 3350 τεύχεσι
448 3270 577 3354 aliisque
601 3270 779 3356 hujusmodi
802 3270 962 3351 φλνοιρύωις
985 3269 1125 3347 μενώλην
1148 3271 1274 3355 quidem

132 3377 185 3449 την
207 3374 292 3440 πύλιν
316 3376 523 3458 πεποιηκότες,
549 3376 601 3441 sed
626 3377 754 3442 οἰδοώσοον
778 3385 809 3440 et
832 3374 955 3442 ύπονλον
978 3377 1053 3460 (455
1078 3375 1123 3453 E,
1142 3378 1205 3440 503
1226 3377 1272 3455 B,

129 3478 174 3557 O,
195 3482 258 3544 519
277 3481 328 3562 A).
352 3480 399 3544 Ex
424 3481 471 3544 his
494 3481 614 3567 liquido
639 3504 784 3568 apparere
809 3488 904 3566 puto,
928 3482 962 3546 in
985 3481 1044 3545 hoc
1069 3481 1190 3565 dialogo
1215 3480 1272 3548 sub

127 3587 253 3651 nomine
276 3609 364 3651 verae
388 3588 532 3672 politicae
556 3598 586 3652 et
608 3588 778 3653 rhetoricae
794 3587 896 3652 ethica
911 3588 1123 3672 philosophiae
1141 3588 1273 3654 Socrati·

127 3715 179 3758 cae
211 3703 372 3780 praecepta
403 3694 501 3770 tradi,
533 3716 611 3777 quae
641 3716 704 3758 non
727 3695 827 3759 solum
852 3693 994 3758 omnibus
1016 3694 1136 3758 civibus
1159 3695 1272 3778 pariter

128 3800 318 3865 observanda
349 3801 429 3878 sint,
462 3800 514 3864 sed
540 3802 631 3865 etiam
656 3802 681 3865 si
705 3800 759 3886 qui
783 3822 887 3865 eorum
913 3799 1069 3885 politicam
1093 3806 1147 3865 aut
1170 3800 1272 3865 rheto-

125 3906 219 3970 ricam
248 3914 301 3970 aut
326 3906 524 3991 sophisticam
548 3906 725 3992 profitentes
748 3906 926 3992 hujusmodi
949 3906 1059 3970 artium
1086 3927 1178 3990 opera
1200 3930 1270 3973 πονι-

125 4010 250 4077 δεύονσιν
273 4013 433 4092 ἀνθρώπους
457 4012 536 4096 (520
561 4012 660 4096 AB),
685 4013 783 4077 omnis
808 4012 899 4099 hujus
923 4011 1058 4083 ποιιδεύοος
1075 4013 1166 4076 finem
1186 4035 1271 4098 prae·

127 4117 272 4182 scribant.
307 4117 357 4182 Ne
381 4120 491 4184 umbra
514 4119 638 4206 quidem
661 4119 807 4185 rhetorici
831 4119 984 4204 praecepti
1011 4118 1049 4182 da
1076 4142 1272 4200 νροιμμοιτισ·

125 4231 181 4301 μού
214 4233 268 4288 ant
300 4229 484 4305 ῥημκτισμοῦ
516 4248 644 4311 usquam
678 4226 793 4291 datur·
826 4226 872 4290 De
894 4232 950 4289 τών
974 4228 1102 4306 πρὸτῆς
1125 4229 1270 4305 ῥητορικῆς

124 4329 296 4407 ύνοινκοιύων
318 4330 517 4408 μκύημώτων,
543 4332 581 4396 de
604 4333 701 4417 ipsius
725 4333 835 4413 ῥήτορος
859 4330 976 4414 φύσεως
1000 4340 1030 4395 et
1051 4330 1090 4394 dc
1111 4331 1176 4415 ejus
1198 4331 1271 4410 ύφη-

124 4442 221 4512 λονού,
257 4435 295 4499 de
329 4443 434 4516 ψυχῆς
465 4438 581 4520 φύσεως
613 4447 644 4502 et
666 4445 758 4516 γενῶν
782 4438 949 4504 aliorumve
974 4437 1165 4522 hujusmodi,
1190 4458 1269 4521 quae

125 4541 294 4607 secundum
319 4540 476 4627 disputata
499 4543 530 4607 in
555 4543 697 4609 Phaedro
720 4551 867 4628 tanquam
889 4543 1090 4608 fundamenta
1104 4545 1271 4621 ώνοιγκοιῖον
