3038 5122
499 249 903 370 raonnoonnni.
1128 252 1131 257 ⁵
1218 318 1264 365 vn

53 491 58 497 Ι
141 521 173 578 et
196 512 401 600 planissimam
427 503 591 576 dictionem
614 507 761 593 flagitant.
796 504 855 569 Vel
877 504 1013 570 litterula
1035 506 1068 570 in
1091 505 1128 570 iis
1147 514 1264 572 mutata
1306 538 1307 541 ¹

141 627 195 685 aut
223 605 340 694 additi,
357 624 410 681 aut
433 616 534 681 demta
557 614 750 679 collabuntur
773 620 864 698 atque
890 612 969 677 irriti
991 612 1079 677 fiunt.
1113 611 1201 676 -Nam
1225 636 1262 677 ne

141 723 281 792 umbram
296 707 298 711 i
313 723 437 809 quidem
468 720 676 806 ambiguitatis
698 720 738 783 in
771 719 835 805 ulla
858 741 929 782 voce
953 717 1053 784 videat
1076 718 1263 784 adversarius

141 853 261 898 necesse
290 838 356 909 est,
387 829 501 915 quippe
524 828 596 914 qui,
621 825 739 892 etiamsi
761 824 880 891 nnllam
902 846 1005 889 vocem
1028 824 1121 890 iniis
1144 831 1264 910 captare

141 945 258 1024 potest,
290 936 337 1000 vel
370 936 414 1000 sic
436 943 538 1000 tamen
561 928 781 1017 nonnunquam
806 930 1050 995 evidentissimae
1074 937 1290 1015 argumenta*

100 1063 105 1077 ¹
140 1043 217 1109 tioni
247 1042 425 1107 adversatur
455 1061 490 1123 ac
519 1039 694 1120 reluctatur
737 1035 815 1101 Vide
846 1037 909 1103 497
945 1037 1080 1106 A-499
1104 1035 1141 1104 Β.
1184 1035 1263 1100 Hine

139 1140 278 1218 Socrates
308 1167 397 1234 saepe
427 1145 511 1212 verbi
534 1145 613 1223 vim,
636 1165 698 1229 quo
720 1165 833 1208 usurus
857 1150 902 1207 est
925 1143 957 1207 in
980 1133 1172 1228 syllogismo,
1199 1142 1263 1228 ipse

138 1262 209 1320 ante
232 1250 340 1318 definit
362 1274 453 1338 quam
477 1249 768 1336 argumentationem
793 1247 1008 1333 syllogisticam
1025 1247 1155 1323 orditur,
1183 1246 1262 1312 'lum
1322 1249 1326 1252 ’

141 1360 231 1426 etiam
261 1359 403 1444 deinceps
426 1359 458 1423 in
481 1363 627 1444 sequente
651 1354 820 1441 syllogismi
842 1361 926 1440 parte
949 1354 1030 1418 vocis
1052 1355 1085 1419 in
1109 1354 1262 1439 superiore

141 1468 206 1553 ejus
229 1473 313 1552 parte
338 1465 492 1530 adhibitae
507 1463 553 1527 vis
576 1484 665 1550 saepe
681 1460 945 1527 circumscribitur.
957 1515 961 1523 .
973 1459 1081 1525 Paucis
1096 1468 1133 1525 ut
1148 1460 1261 1547 dicam,
1378 1454 1379 1458 ’
1495 1454 1497 1457 ’

142 1572 186 1637 ita
207 1578 415 1656 comparatum
439 1577 484 1634 est
508 1568 565 1632 hoc
588 1566 789 1632 convincendi
809 1565 984 1643 artificium,
997 1573 1033 1629 ut
1043 1565 1143 1652 ipsum
1157 1588 1264 1632 vocum
1345 1623 1350 1633 .

143 1674 180 1742 et'
195 1676 366 1741 dictionum
390 1675 423 1740 in
446 1696 481 1739 eo
504 1671 712 1740 adhibitorum
735 1672 795 1737 vim
816 1671 940 1756 aperiat.
964 1670 1052 1736 Nihil
1068 1672 1164 1757 igitur
1178 1695 1264 1738 exco-
1343 1750 1346 1759 y

141 1783 232 1869 gitari
254 1788 374 1867 potest,
402 1779 484 1845 uncle
507 1799 617 1843 vocum
640 1784 669 1842 et
693 1778 862 1842 dictionum
885 1777 1006 1841 illarum
1030 1778 1075 1841 vis
1098 1779 1210 1844 certius
1234 1785 1264 1842 et
1330 1807 1334 1822 ·

141 1887 310 1952 accuratius
334 1891 552 1970 cognoscatur,
576 1882 714 1966 nihilque
738 1904 825 1967 ergo,
861 1881 943 1947 unde
965 1882 1074 1946 melius
1098 1884 1264 1949 remedium
1292 1875 1295 1881 ’
1386 1871 1408 1908 ⁸

142 2000 334 2077 comparetur
356 1991 394 2056 ad
417 1990 576 2059 sanitatem
600 1990 692 2053 etiam
713 1988 744 2053 in
761 1989 879 2073 reliquo
894 1981 1015 2072 dialogo
1030 1989 1261 2067 restituendam,
1322 1982 1323 1985 ¹

144 2096 198 2161 ubi
232 2097 354 2162 eaedem
381 2096 529 2161 dictiones
552 2095 630 2159 male
654 2094 774 2160 habitae
797 2100 870 2158 sunt
892 2116 910 2158 a
932 2093 1048 2159 scribis.
1090 2093 1265 2179 syllogismi

143 2203 222 2267 enim
246 2202 279 2267 in
303 2202 416 2288 Gorgia
438 2203 547 2286 utique
570 2209 642 2265 sunt
664 2201 751 2287 quasi
774 2200 910 2265 cardines
934 2199 1029 2264 totius
1052 2203 1213 2291 sermonis,
1234 2209 1265 2266 et

34 2297 36 2300 ’
141 2311 167 2372 si
190 2310 270 2395 ipsas
292 2331 341 2374 res
365 2315 393 2372 et
417 2308 443 2371 si
466 2289 645 2375 enuntiandi
667 2308 814 2372 rationem
838 2313 964 2391 spectes.
995 2304 1104 2394 Itaque
1128 2328 1214 2371 voces
1234 2313 1265 2372 et

141 2415 289 2481 dictiones
312 2415 404 2479 iniis
427 2404 581 2478 adhibitae
604 2413 778 2499 saepissime
801 2421 962 2477 recurrunt
980 2412 1013 2476 in
1029 2412 1146 2498 reliqua
1162 2413 1264 2499 dispu-

90 2518 91 2522 ’
140 2520 265 2584 tatione.
309 2517 490 2604 Exemplum
520 2518 687 2584 afferamus.
732 2517 783 2581 Ex·
800 2515 992 2603 syllogismo,
1019 2519 1074 2604 qui
1096 2519 1209 2604 legitur
1232 2515 1264 2584 in

139 2624 240 2690 medio
263 2623 386 2708 dialogo
409 2625 473 2689 476
496 2623 540 2701 E,
565 2624 710 2689 discimus
731 2646 784 2709 per
803 2624 837 2690 ri
855 2623 903 2688 τὸν
921 2623 1109 2705 κολαζόμενον
1120 2625 1262 2702 ὀνίνασθαι

142 2729 204 2794 sive
238 2730 411 2814 coenata
446 2729 679 2812 intelligendum
711 2751 775 2794 esse
804 2729 838 2795 τὸ
866 2727 914 2795 τὸν
943 2729 1131 2810 κολαζόμενον
1152 2731 1263 2808 βελτίω

140 2834 303 2914 γίγνεσθαι.
352 2835 421 2900 Hoc
447 2834 539 2899 latuit
563 2833 685 2900 scribas.
732 2833 842 2918 Itaque
868 2834 906 2898 ad
929 2835 1072 2900 calccatus
1094 2836 1126 2900 in
1152 2835 1265 2900 525'B
1348 2852 1349 2855 ’

141 2940 368 3026 adscripserunt
388 2940 499 3018 βελτίω
521 2940 683 3018 γίγνεσθαι.
716 2937 829 3019 Qualia
853 2940 879 3003 si
902 2940 994 3005 semel
1010 2940 1264 3026 deprehenderis,
1295 2969 1296 2972 ¹

140 3046 232 3130 vulgo
266 3044 358 3119 simul
389 3045 646 3124 constructionem
672 3044 807 3110 Atticam
831 3051 862 3109 et
883 3046 1007 3110 omnino
1030 3037 1173 3112 orationis
1197 3046 1264 3111 Pla·

141 3152 259 3215 tcnicae
290 3150 419 3215 nitorem
450 3149 678 3235 pessumdatum
710 3150 875 3239 comperies
887 3150 925 3232 1).
972 3150 1057 3216 Talia
1084 3153 1195 3237 igitur,
1220 3153 1267 3216 uti

141 3255 289 3333 diximus,
315 3255 436 3320 demum
460 3262 601 3340 suspecta
622 3253 730 3320 habere
746 3261 777 3319 et
792 3255 951 3320 emendare
974 3257 1129 3340 potuimus
1149 3259 1182 3322 in
1200 3257 1267 3322 reli·

142 3382 203 3446 quo
227 3382 364 3426 sermone
387 3371 457 3446 post
479 3361 721 3446 syllogismorum
747 3359 975 3448 inquisitionem
997 3363 1179 3428 institutam.
1213 3367 1267 3428 At

142 3489 201 3551 que
232 3466 289 3530 hoc
320 3488 395 3531 usus
424 3468 575 3551 specimen
599 3474 682 3548 esto,
706 3489 797 3551 quem
821 3467 977 3532 ostendere
1001 3455 1147 3534 volebam.
1195 3469 1268 3534 (lae-

143 3579 207 3636 tera
238 3572 304 3658 ipse
334 3571 402 3636 vide
432 3573 463 3636 in
492 3572 577 3651 loco,
601 3594 689 3656 quem
714 3594 822 3657 operae
845 3573 977 3657 pretium
1000 3580 1044 3638 est
1068 3574 1114 3638 his
1139 3574 1267 3665 subscri·

143 3677 231 3755 bere,
256 3685 286 3741 'et
309 3677 413 3742 confer
436 3679 645 3742 annotationes
665 3678 698 3742 in
713 3700 782 3742 eum
799 3678 890 3763 infra,
906 3687 942 3742 ut
956 3679 1075 3764 reliqna
1090 3688 1267 3764 argumenta

141 3781 264 3861 audias,
299 3781 412 3867 quibus
443 3780 557 3847 docebo
588 3782 679 3867 longe
708 3780 868 3848 maximam
900 3791 1016 3868 partem
1040 3786 1266 3870 supposititiam

141 3909 213 3953 esse.
257 3887 438 3974 Majusculis
462 3887 572 3952 litteris
594 3888 707 3972 scripta
730 3887 887 3953 Platonem
912 3897 1064 3955 auctorem
1090 3890 1199 3956 habere
1218 3892 1286 3976 ju,

141 3993 227 4070 dico,
251 3993 431 4061 minusculis
454 3992 603 4059 librarios.
1101 3976 1104 3982 ⁴

175 4305 201 4371 1)
224 4300 266 4354 Sic
289 4303 386 4370 optime
406 4302 473 4353 sidit
488 4316 519 4352 ex
536 4300 714 4352 recentissimis
730 4302 910 4370 interpretibus
925 4304 1006 4356 Kratn
1022 4307 1050 4356 in
1067 4307 1114 4356 525
1131 4305 1155 4355 n
1171 4305 1264 4367 inesse,

139 4403 202 4453 qnae
216 4386 346 4438 Socratem
368 4385 507 4435 secundum
523 4382 653 4450 disputata
668 4384 696 4434 iu
713 4386 760 4437 473
777 4384 901 4436 dicentem
917 4385 998 4438 facere
1013 4404 1065 4438 non
1081 4389 1167 4455 potuit
1183 4388 1265 4443 Plato.
1343 4422 1344 4429 η

92 4497 96 4508 ·
139 4469 236 4520 Verum
260 4466 362 4534 quidni,
387 4467 468 4519 aliena
488 4481 565 4517 manu
589 4466 664 4518 semel
687 4466 854 4534 deprehensa,
876 4484 907 4520 ex
923 4470 1020 4536 reliqua
1036 4460 1147 4521 dictione
1161 4470 1266 4520 minime

140 4551 271 4605 nummos
285 4549 477 4616 putidissimum
493 4550 617 4604 emblema,
630 4553 715 4603 mmm
730 4551 848 4615 agnovit?
